[gd_scene load_steps=6 format=3 uid="uid://cemnmgmqx8fcl"]

[ext_resource type="Script" path="res://Scripts/Objects (Scripts)/Player.gd" id="1_katds"]
[ext_resource type="PackedScene" uid="uid://bptypfeeq61s" path="res://Art/Models/Sword.glb" id="3_71nqv"]
[ext_resource type="Script" path="res://Scripts/Concepts (Scripts)/UIItem.gd" id="3_npj1r"]
[ext_resource type="Script" path="res://Scripts/Concepts (Scripts)/UI Items (Scripts)/Menu.gd" id="3_qivjk"]

[sub_resource type="CapsuleShape3D" id="CapsuleShape3D_s62pe"]
radius = 1.5
height = 10.0

[node name="Player" type="Node3D" node_paths=PackedStringArray("characterBody", "xrCamera", "hpImagesParent", "maxHpImagesParent", "itemsParent", "cashLabel", "deathMenu", "deathLabel", "invulnerableIndicator", "extraDamageIndicator")]
script = ExtResource("1_katds")
characterBody = NodePath("CharacterBody3D")
xrCamera = NodePath("CharacterBody3D/XROrigin3D/XRCamera3D")
moveSpeed = 35.0
jumpSpeed = 35.0
lookSpeed = 0.1
attackSpeed = 1.0
damage = 10.0
attackRange = 400.0
hpImagesParent = NodePath("CharacterBody3D/XROrigin3D/XRCamera3D/HP Images Parent")
maxHpImagesParent = NodePath("CharacterBody3D/XROrigin3D/XRCamera3D/Max HP Images Parent")
itemsParent = NodePath("CharacterBody3D/Items Parent")
enemyCashMultiplier = 1.0
cashLabel = NodePath("CharacterBody3D/XROrigin3D/XRCamera3D/Cash Label")
distributePointsToGodsImPrayingTo = 6
deathMenu = NodePath("CharacterBody3D/XROrigin3D/XRCamera3D/Death Menu")
deathLabel = NodePath("CharacterBody3D/XROrigin3D/XRCamera3D/Death Menu/Death Label")
radiationDistanceScale = 500.0
invulnerableIndicator = NodePath("CharacterBody3D/Invulnerable Indicator")
extraDamageIndicator = NodePath("CharacterBody3D/Extra Damage Indicator")
timeMultiplierWhileSpedUp = 5.0
maxHp = 4.0

[node name="CharacterBody3D" type="CharacterBody3D" parent="."]
collision_mask = 22
input_ray_pickable = false
axis_lock_angular_x = true
axis_lock_angular_z = true

[node name="CollisionShape3D" type="CollisionShape3D" parent="CharacterBody3D"]
shape = SubResource("CapsuleShape3D_s62pe")

[node name="Sword" parent="CharacterBody3D" instance=ExtResource("3_71nqv")]

[node name="XROrigin3D" type="XROrigin3D" parent="CharacterBody3D"]

[node name="XRCamera3D" type="XRCamera3D" parent="CharacterBody3D/XROrigin3D"]
transform = Transform3D(-1, 0, -1.50996e-07, 0, 1, 0, 1.50996e-07, 0, -1, 0, 3.5, 1.5)

[node name="HP Images Parent" type="Node3D" parent="CharacterBody3D/XROrigin3D/XRCamera3D"]
script = ExtResource("3_npj1r")

[node name="Max HP Images Parent" type="Node3D" parent="CharacterBody3D/XROrigin3D/XRCamera3D"]
script = ExtResource("3_npj1r")

[node name="Cash Label" type="Label3D" parent="CharacterBody3D/XROrigin3D/XRCamera3D"]
transform = Transform3D(1, 0, 0, 0, 1, 0, 0, 0, 1, -11.75, 7.25, -10)
text = "0"
font_size = 128

[node name="Death Menu" type="Node3D" parent="CharacterBody3D/XROrigin3D/XRCamera3D"]
transform = Transform3D(1, 0, 0, 0, 1, 0, 0, 0, 1, 0, 0, -10)
visible = false
script = ExtResource("3_qivjk")
pauseOnOpen = true

[node name="Death Label" type="Label3D" parent="CharacterBody3D/XROrigin3D/XRCamera3D/Death Menu"]
text = "You died with _ score. Your highscore is |."

[node name="Reset Button" type="Node3D" parent="CharacterBody3D/XROrigin3D/XRCamera3D/Death Menu"]

[node name="Label" type="Label3D" parent="CharacterBody3D/XROrigin3D/XRCamera3D/Death Menu/Reset Button"]
text = "Reset"

[node name="Items Parent" type="Node3D" parent="CharacterBody3D"]
visible = false

[node name="Invulnerable Indicator" type="MeshInstance3D" parent="CharacterBody3D"]
transform = Transform3D(1, 0, 0, 0, 1, 0, 0, 0, 1, 0, 157, 0)
visible = false

[node name="Extra Damage Indicator" type="MeshInstance3D" parent="CharacterBody3D"]
transform = Transform3D(1, 0, 0, 0, 1, 0, 0, 0, 1, 0, 157, 0)
visible = false
