[gd_scene load_steps=7 format=3 uid="uid://b7d03mg2rg673"]

[ext_resource type="Script" path="res://Scripts/Objects (Scripts)/Shrine.gd" id="1_r82fk"]
[ext_resource type="Shader" uid="uid://cl1wu117e35ir" path="res://Art/Shaders/Shrine.tres" id="2_gf3tp"]
[ext_resource type="Script" path="res://Scripts/Concepts (Scripts)/UI Items (Scripts)/Menu.gd" id="3_l457h"]
[ext_resource type="Script" path="res://Scripts/Concepts (Scripts)/FaceCamera.gd" id="4_a7ubh"]

[sub_resource type="ShaderMaterial" id="ShaderMaterial_j1syo"]
render_priority = 0
shader = ExtResource("2_gf3tp")
shader_parameter/tint = Color(1, 1, 1, 1)

[sub_resource type="CapsuleMesh" id="CapsuleMesh_b28yh"]
material = SubResource("ShaderMaterial_j1syo")

[node name="Shrine" type="Node3D" node_paths=PackedStringArray("meshInstance", "giveCashButton", "infoLabel")]
script = ExtResource("1_r82fk")
meshInstance = NodePath("MeshInstance3D")
loseGodPointsForDestroying = 10
cashForDestroying = 100
addGodPointsPerHp = 8
loseGodPointsPerHp = 2
cashBatchSize = 10
addGodPointsPerCashBatch = 4
loseGodPointsPerCashBatch = 2
giveCashButton = NodePath("FaceCamera/Give Cash Button")
infoLabel = NodePath("FaceCamera/Info Label")

[node name="MeshInstance3D" type="MeshInstance3D" parent="."]
mesh = SubResource("CapsuleMesh_b28yh")

[node name="Menu" type="Node3D" parent="."]
script = ExtResource("3_l457h")
unpauseOnClose = true

[node name="FaceCamera" type="Node3D" parent="."]
script = ExtResource("4_a7ubh")

[node name="Give Cash Button" type="Button" parent="FaceCamera"]
visible = false
custom_minimum_size = Vector2(0, 32.5)
offset_left = -75.0
offset_top = 64.0
offset_right = 75.0
offset_bottom = 96.5

[node name="Give Cash Button Label" type="Label3D" parent="FaceCamera/Give Cash Button"]
text = "Give 10 Materials"

[node name="Give Hp Button" type="Button" parent="FaceCamera"]
visible = false
custom_minimum_size = Vector2(0, 32.5)
offset_left = -75.0
offset_top = 101.0
offset_right = 75.0
offset_bottom = 133.5

[node name="Give Hp Button Label" type="Label3D" parent="FaceCamera/Give Hp Button"]
text = "Give Health"

[node name="Destroy Button" type="Button" parent="FaceCamera"]
visible = false
custom_minimum_size = Vector2(0, 32.5)
offset_left = -75.0
offset_top = 138.0
offset_right = 75.0
offset_bottom = 170.5

[node name="Destroy Button Label" type="Label3D" parent="FaceCamera/Destroy Button"]
text = "Ransack"

[node name="Info Label" type="Label3D" parent="FaceCamera"]
text = "This is a shrine to  _

Giving 10 materials will gain you 4 favor points for the corresponding god and lose you one favor point for the other two.

Giving one health will gain you 8 favor points for the corresponding god and lose you one favor point for the other two.

Ransacking will lose you 10 favor points for the corresponding god and gain you 5 favor points for the other two. Also, you will get 100 materials, but you won't be able to utilize this shrine anymore."

[connection signal="pressed" from="FaceCamera/Give Cash Button" to="." method="GiveCash"]
[connection signal="pressed" from="FaceCamera/Give Cash Button" to="Menu" method="Close"]
[connection signal="pressed" from="FaceCamera/Give Hp Button" to="." method="GiveHp"]
[connection signal="pressed" from="FaceCamera/Give Hp Button" to="Menu" method="Close"]
[connection signal="pressed" from="FaceCamera/Destroy Button" to="." method="Destroy"]
[connection signal="pressed" from="FaceCamera/Destroy Button" to="Menu" method="Close"]
