[gd_resource type="OpenXRActionMap" load_steps=210 format=3 uid="uid://bx6xv265ceol1"]

[sub_resource type="OpenXRAction" id="OpenXRAction_cldrp"]
resource_name = "trigger"
localized_name = "Trigger"
toplevel_paths = PackedStringArray("/user/hand/left", "/user/hand/right")

[sub_resource type="OpenXRAction" id="OpenXRAction_c432s"]
resource_name = "trigger_click"
localized_name = "Trigger click"
action_type = 0
toplevel_paths = PackedStringArray("/user/hand/left", "/user/hand/right")

[sub_resource type="OpenXRAction" id="OpenXRAction_l5hw2"]
resource_name = "trigger_touch"
localized_name = "Trigger touching"
action_type = 0
toplevel_paths = PackedStringArray("/user/hand/left", "/user/hand/right")

[sub_resource type="OpenXRAction" id="OpenXRAction_fahjj"]
resource_name = "grip"
localized_name = "Grip"
toplevel_paths = PackedStringArray("/user/hand/left", "/user/hand/right")

[sub_resource type="OpenXRAction" id="OpenXRAction_m40ap"]
resource_name = "grip_click"
localized_name = "Grip click"
action_type = 0
toplevel_paths = PackedStringArray("/user/hand/left", "/user/hand/right")

[sub_resource type="OpenXRAction" id="OpenXRAction_mwvg2"]
resource_name = "grip_force"
localized_name = "Grip force"
toplevel_paths = PackedStringArray("/user/hand/left", "/user/hand/right")

[sub_resource type="OpenXRAction" id="OpenXRAction_bh6co"]
resource_name = "primary"
localized_name = "Primary joystick/thumbstick/trackpad"
action_type = 2
toplevel_paths = PackedStringArray("/user/hand/left", "/user/hand/right")

[sub_resource type="OpenXRAction" id="OpenXRAction_hning"]
resource_name = "primary_click"
localized_name = "Primary joystick/thumbstick/trackpad click"
action_type = 0
toplevel_paths = PackedStringArray("/user/hand/left", "/user/hand/right")

[sub_resource type="OpenXRAction" id="OpenXRAction_b3kv0"]
resource_name = "primary_touch"
localized_name = "Primary joystick/thumbstick/trackpad touching"
action_type = 0
toplevel_paths = PackedStringArray("/user/hand/left", "/user/hand/right")

[sub_resource type="OpenXRAction" id="OpenXRAction_3prkn"]
resource_name = "secondary"
localized_name = "Secondary joystick/thumbstick/trackpad"
action_type = 2
toplevel_paths = PackedStringArray("/user/hand/left", "/user/hand/right")

[sub_resource type="OpenXRAction" id="OpenXRAction_bbm2m"]
resource_name = "secondary_click"
localized_name = "Secondary joystick/thumbstick/trackpad click"
action_type = 0
toplevel_paths = PackedStringArray("/user/hand/left", "/user/hand/right")

[sub_resource type="OpenXRAction" id="OpenXRAction_6lcui"]
resource_name = "secondary_touch"
localized_name = "Secondary joystick/thumbstick/trackpad touching"
action_type = 0
toplevel_paths = PackedStringArray("/user/hand/left", "/user/hand/right")

[sub_resource type="OpenXRAction" id="OpenXRAction_1wajk"]
resource_name = "menu_button"
localized_name = "Menu button"
action_type = 0
toplevel_paths = PackedStringArray("/user/hand/left", "/user/hand/right")

[sub_resource type="OpenXRAction" id="OpenXRAction_6irjl"]
resource_name = "select_button"
localized_name = "Select button"
action_type = 0
toplevel_paths = PackedStringArray("/user/hand/left", "/user/hand/right")

[sub_resource type="OpenXRAction" id="OpenXRAction_355qm"]
resource_name = "ax_button"
localized_name = "A/X button"
action_type = 0
toplevel_paths = PackedStringArray("/user/hand/left", "/user/hand/right")

[sub_resource type="OpenXRAction" id="OpenXRAction_4ikq7"]
resource_name = "ax_touch"
localized_name = "A/X touching"
action_type = 0
toplevel_paths = PackedStringArray("/user/hand/left", "/user/hand/right")

[sub_resource type="OpenXRAction" id="OpenXRAction_6u1tr"]
resource_name = "by_button"
localized_name = "B/Y button"
action_type = 0
toplevel_paths = PackedStringArray("/user/hand/left", "/user/hand/right")

[sub_resource type="OpenXRAction" id="OpenXRAction_plnbt"]
resource_name = "by_touch"
localized_name = "B/Y touching"
action_type = 0
toplevel_paths = PackedStringArray("/user/hand/left", "/user/hand/right")

[sub_resource type="OpenXRAction" id="OpenXRAction_1000s"]
resource_name = "default_pose"
localized_name = "Default pose"
action_type = 3
toplevel_paths = PackedStringArray("/user/hand/left", "/user/hand/right", "/user/vive_tracker_htcx/role/left_foot", "/user/vive_tracker_htcx/role/right_foot", "/user/vive_tracker_htcx/role/left_shoulder", "/user/vive_tracker_htcx/role/right_shoulder", "/user/vive_tracker_htcx/role/left_elbow", "/user/vive_tracker_htcx/role/right_elbow", "/user/vive_tracker_htcx/role/left_knee", "/user/vive_tracker_htcx/role/right_knee", "/user/vive_tracker_htcx/role/waist", "/user/vive_tracker_htcx/role/chest", "/user/vive_tracker_htcx/role/camera", "/user/vive_tracker_htcx/role/keyboard", "/user/eyes_ext")

[sub_resource type="OpenXRAction" id="OpenXRAction_526xu"]
resource_name = "aim_pose"
localized_name = "Aim pose"
action_type = 3
toplevel_paths = PackedStringArray("/user/hand/left", "/user/hand/right")

[sub_resource type="OpenXRAction" id="OpenXRAction_aed3t"]
resource_name = "grip_pose"
localized_name = "Grip pose"
action_type = 3
toplevel_paths = PackedStringArray("/user/hand/left", "/user/hand/right")

[sub_resource type="OpenXRAction" id="OpenXRAction_bsemq"]
resource_name = "palm_pose"
localized_name = "Palm pose"
action_type = 3
toplevel_paths = PackedStringArray("/user/hand/left", "/user/hand/right")

[sub_resource type="OpenXRAction" id="OpenXRAction_372q5"]
resource_name = "haptic"
localized_name = "Haptic"
action_type = 4
toplevel_paths = PackedStringArray("/user/hand/left", "/user/hand/right", "/user/vive_tracker_htcx/role/left_foot", "/user/vive_tracker_htcx/role/right_foot", "/user/vive_tracker_htcx/role/left_shoulder", "/user/vive_tracker_htcx/role/right_shoulder", "/user/vive_tracker_htcx/role/left_elbow", "/user/vive_tracker_htcx/role/right_elbow", "/user/vive_tracker_htcx/role/left_knee", "/user/vive_tracker_htcx/role/right_knee", "/user/vive_tracker_htcx/role/waist", "/user/vive_tracker_htcx/role/chest", "/user/vive_tracker_htcx/role/camera", "/user/vive_tracker_htcx/role/keyboard")

[sub_resource type="OpenXRActionSet" id="OpenXRActionSet_1ihdq"]
resource_name = "godot"
localized_name = "Godot action set"
actions = [SubResource("OpenXRAction_cldrp"), SubResource("OpenXRAction_c432s"), SubResource("OpenXRAction_l5hw2"), SubResource("OpenXRAction_fahjj"), SubResource("OpenXRAction_m40ap"), SubResource("OpenXRAction_mwvg2"), SubResource("OpenXRAction_bh6co"), SubResource("OpenXRAction_hning"), SubResource("OpenXRAction_b3kv0"), SubResource("OpenXRAction_3prkn"), SubResource("OpenXRAction_bbm2m"), SubResource("OpenXRAction_6lcui"), SubResource("OpenXRAction_1wajk"), SubResource("OpenXRAction_6irjl"), SubResource("OpenXRAction_355qm"), SubResource("OpenXRAction_4ikq7"), SubResource("OpenXRAction_6u1tr"), SubResource("OpenXRAction_plnbt"), SubResource("OpenXRAction_1000s"), SubResource("OpenXRAction_526xu"), SubResource("OpenXRAction_aed3t"), SubResource("OpenXRAction_bsemq"), SubResource("OpenXRAction_372q5")]

[sub_resource type="OpenXRIPBinding" id="OpenXRIPBinding_lft17"]
action = SubResource("OpenXRAction_1000s")
paths = PackedStringArray("/user/hand/left/input/aim/pose", "/user/hand/right/input/aim/pose")

[sub_resource type="OpenXRIPBinding" id="OpenXRIPBinding_tmjqr"]
action = SubResource("OpenXRAction_526xu")
paths = PackedStringArray("/user/hand/left/input/aim/pose", "/user/hand/right/input/aim/pose")

[sub_resource type="OpenXRIPBinding" id="OpenXRIPBinding_74wre"]
action = SubResource("OpenXRAction_aed3t")
paths = PackedStringArray("/user/hand/left/input/grip/pose", "/user/hand/right/input/grip/pose")

[sub_resource type="OpenXRIPBinding" id="OpenXRIPBinding_sr0wu"]
action = SubResource("OpenXRAction_bsemq")
paths = PackedStringArray("/user/hand/left/input/palm_ext/pose", "/user/hand/right/input/palm_ext/pose")

[sub_resource type="OpenXRIPBinding" id="OpenXRIPBinding_trsjq"]
action = SubResource("OpenXRAction_1wajk")
paths = PackedStringArray("/user/hand/left/input/menu/click", "/user/hand/right/input/menu/click")

[sub_resource type="OpenXRIPBinding" id="OpenXRIPBinding_5xfx5"]
action = SubResource("OpenXRAction_6irjl")
paths = PackedStringArray("/user/hand/left/input/select/click", "/user/hand/right/input/select/click")

[sub_resource type="OpenXRIPBinding" id="OpenXRIPBinding_2q4p3"]
action = SubResource("OpenXRAction_372q5")
paths = PackedStringArray("/user/hand/left/output/haptic", "/user/hand/right/output/haptic")

[sub_resource type="OpenXRInteractionProfile" id="OpenXRInteractionProfile_uxbrf"]
interaction_profile_path = "/interaction_profiles/khr/simple_controller"
bindings = [SubResource("OpenXRIPBinding_lft17"), SubResource("OpenXRIPBinding_tmjqr"), SubResource("OpenXRIPBinding_74wre"), SubResource("OpenXRIPBinding_sr0wu"), SubResource("OpenXRIPBinding_trsjq"), SubResource("OpenXRIPBinding_5xfx5"), SubResource("OpenXRIPBinding_2q4p3")]

[sub_resource type="OpenXRIPBinding" id="OpenXRIPBinding_cevgp"]
action = SubResource("OpenXRAction_1000s")
paths = PackedStringArray("/user/hand/left/input/aim/pose", "/user/hand/right/input/aim/pose")

[sub_resource type="OpenXRIPBinding" id="OpenXRIPBinding_l2sj6"]
action = SubResource("OpenXRAction_526xu")
paths = PackedStringArray("/user/hand/left/input/aim/pose", "/user/hand/right/input/aim/pose")

[sub_resource type="OpenXRIPBinding" id="OpenXRIPBinding_vgqwn"]
action = SubResource("OpenXRAction_aed3t")
paths = PackedStringArray("/user/hand/left/input/grip/pose", "/user/hand/right/input/grip/pose")

[sub_resource type="OpenXRIPBinding" id="OpenXRIPBinding_n5jou"]
action = SubResource("OpenXRAction_bsemq")
paths = PackedStringArray("/user/hand/left/input/palm_ext/pose", "/user/hand/right/input/palm_ext/pose")

[sub_resource type="OpenXRIPBinding" id="OpenXRIPBinding_yujof"]
action = SubResource("OpenXRAction_1wajk")
paths = PackedStringArray("/user/hand/left/input/menu/click", "/user/hand/right/input/menu/click")

[sub_resource type="OpenXRIPBinding" id="OpenXRIPBinding_0jxwe"]
action = SubResource("OpenXRAction_6irjl")
paths = PackedStringArray("/user/hand/left/input/system/click", "/user/hand/right/input/system/click")

[sub_resource type="OpenXRIPBinding" id="OpenXRIPBinding_14rn2"]
action = SubResource("OpenXRAction_cldrp")
paths = PackedStringArray("/user/hand/left/input/trigger/value", "/user/hand/right/input/trigger/value")

[sub_resource type="OpenXRIPBinding" id="OpenXRIPBinding_o473m"]
action = SubResource("OpenXRAction_c432s")
paths = PackedStringArray("/user/hand/left/input/trigger/click", "/user/hand/right/input/trigger/click")

[sub_resource type="OpenXRIPBinding" id="OpenXRIPBinding_qgxnn"]
action = SubResource("OpenXRAction_fahjj")
paths = PackedStringArray("/user/hand/left/input/squeeze/click", "/user/hand/right/input/squeeze/click")

[sub_resource type="OpenXRIPBinding" id="OpenXRIPBinding_3ra73"]
action = SubResource("OpenXRAction_m40ap")
paths = PackedStringArray("/user/hand/left/input/squeeze/click", "/user/hand/right/input/squeeze/click")

[sub_resource type="OpenXRIPBinding" id="OpenXRIPBinding_434ia"]
action = SubResource("OpenXRAction_bh6co")
paths = PackedStringArray("/user/hand/left/input/trackpad", "/user/hand/right/input/trackpad")

[sub_resource type="OpenXRIPBinding" id="OpenXRIPBinding_mka5y"]
action = SubResource("OpenXRAction_hning")
paths = PackedStringArray("/user/hand/left/input/trackpad/click", "/user/hand/right/input/trackpad/click")

[sub_resource type="OpenXRIPBinding" id="OpenXRIPBinding_pqo8c"]
action = SubResource("OpenXRAction_b3kv0")
paths = PackedStringArray("/user/hand/left/input/trackpad/touch", "/user/hand/right/input/trackpad/touch")

[sub_resource type="OpenXRIPBinding" id="OpenXRIPBinding_pheys"]
action = SubResource("OpenXRAction_372q5")
paths = PackedStringArray("/user/hand/left/output/haptic", "/user/hand/right/output/haptic")

[sub_resource type="OpenXRInteractionProfile" id="OpenXRInteractionProfile_sfyko"]
interaction_profile_path = "/interaction_profiles/htc/vive_controller"
bindings = [SubResource("OpenXRIPBinding_cevgp"), SubResource("OpenXRIPBinding_l2sj6"), SubResource("OpenXRIPBinding_vgqwn"), SubResource("OpenXRIPBinding_n5jou"), SubResource("OpenXRIPBinding_yujof"), SubResource("OpenXRIPBinding_0jxwe"), SubResource("OpenXRIPBinding_14rn2"), SubResource("OpenXRIPBinding_o473m"), SubResource("OpenXRIPBinding_qgxnn"), SubResource("OpenXRIPBinding_3ra73"), SubResource("OpenXRIPBinding_434ia"), SubResource("OpenXRIPBinding_mka5y"), SubResource("OpenXRIPBinding_pqo8c"), SubResource("OpenXRIPBinding_pheys")]

[sub_resource type="OpenXRIPBinding" id="OpenXRIPBinding_wny3e"]
action = SubResource("OpenXRAction_1000s")
paths = PackedStringArray("/user/hand/left/input/aim/pose", "/user/hand/right/input/aim/pose")

[sub_resource type="OpenXRIPBinding" id="OpenXRIPBinding_otbit"]
action = SubResource("OpenXRAction_526xu")
paths = PackedStringArray("/user/hand/left/input/aim/pose", "/user/hand/right/input/aim/pose")

[sub_resource type="OpenXRIPBinding" id="OpenXRIPBinding_beyl8"]
action = SubResource("OpenXRAction_aed3t")
paths = PackedStringArray("/user/hand/left/input/grip/pose", "/user/hand/right/input/grip/pose")

[sub_resource type="OpenXRIPBinding" id="OpenXRIPBinding_vntsy"]
action = SubResource("OpenXRAction_bsemq")
paths = PackedStringArray("/user/hand/left/input/palm_ext/pose", "/user/hand/right/input/palm_ext/pose")

[sub_resource type="OpenXRIPBinding" id="OpenXRIPBinding_o2qo2"]
action = SubResource("OpenXRAction_1wajk")
paths = PackedStringArray("/user/hand/left/input/menu/click", "/user/hand/right/input/menu/click")

[sub_resource type="OpenXRIPBinding" id="OpenXRIPBinding_xtt80"]
action = SubResource("OpenXRAction_cldrp")
paths = PackedStringArray("/user/hand/left/input/trigger/value", "/user/hand/right/input/trigger/value")

[sub_resource type="OpenXRIPBinding" id="OpenXRIPBinding_1ecqm"]
action = SubResource("OpenXRAction_c432s")
paths = PackedStringArray("/user/hand/left/input/trigger/value", "/user/hand/right/input/trigger/value")

[sub_resource type="OpenXRIPBinding" id="OpenXRIPBinding_0i0gc"]
action = SubResource("OpenXRAction_fahjj")
paths = PackedStringArray("/user/hand/left/input/squeeze/click", "/user/hand/right/input/squeeze/click")

[sub_resource type="OpenXRIPBinding" id="OpenXRIPBinding_cwh2n"]
action = SubResource("OpenXRAction_m40ap")
paths = PackedStringArray("/user/hand/left/input/squeeze/click", "/user/hand/right/input/squeeze/click")

[sub_resource type="OpenXRIPBinding" id="OpenXRIPBinding_xowny"]
action = SubResource("OpenXRAction_bh6co")
paths = PackedStringArray("/user/hand/left/input/thumbstick", "/user/hand/right/input/thumbstick")

[sub_resource type="OpenXRIPBinding" id="OpenXRIPBinding_71lyr"]
action = SubResource("OpenXRAction_hning")
paths = PackedStringArray("/user/hand/left/input/thumbstick/click", "/user/hand/right/input/thumbstick/click")

[sub_resource type="OpenXRIPBinding" id="OpenXRIPBinding_4hrpn"]
action = SubResource("OpenXRAction_3prkn")
paths = PackedStringArray("/user/hand/left/input/trackpad", "/user/hand/right/input/trackpad")

[sub_resource type="OpenXRIPBinding" id="OpenXRIPBinding_om61v"]
action = SubResource("OpenXRAction_bbm2m")
paths = PackedStringArray("/user/hand/left/input/trackpad/click", "/user/hand/right/input/trackpad/click")

[sub_resource type="OpenXRIPBinding" id="OpenXRIPBinding_uuqwy"]
action = SubResource("OpenXRAction_6lcui")
paths = PackedStringArray("/user/hand/left/input/trackpad/touch", "/user/hand/right/input/trackpad/touch")

[sub_resource type="OpenXRIPBinding" id="OpenXRIPBinding_5bdx8"]
action = SubResource("OpenXRAction_372q5")
paths = PackedStringArray("/user/hand/left/output/haptic", "/user/hand/right/output/haptic")

[sub_resource type="OpenXRInteractionProfile" id="OpenXRInteractionProfile_ldkip"]
interaction_profile_path = "/interaction_profiles/microsoft/motion_controller"
bindings = [SubResource("OpenXRIPBinding_wny3e"), SubResource("OpenXRIPBinding_otbit"), SubResource("OpenXRIPBinding_beyl8"), SubResource("OpenXRIPBinding_vntsy"), SubResource("OpenXRIPBinding_o2qo2"), SubResource("OpenXRIPBinding_xtt80"), SubResource("OpenXRIPBinding_1ecqm"), SubResource("OpenXRIPBinding_0i0gc"), SubResource("OpenXRIPBinding_cwh2n"), SubResource("OpenXRIPBinding_xowny"), SubResource("OpenXRIPBinding_71lyr"), SubResource("OpenXRIPBinding_4hrpn"), SubResource("OpenXRIPBinding_om61v"), SubResource("OpenXRIPBinding_uuqwy"), SubResource("OpenXRIPBinding_5bdx8")]

[sub_resource type="OpenXRIPBinding" id="OpenXRIPBinding_dc8rs"]
action = SubResource("OpenXRAction_1000s")
paths = PackedStringArray("/user/hand/left/input/aim/pose", "/user/hand/right/input/aim/pose")

[sub_resource type="OpenXRIPBinding" id="OpenXRIPBinding_jl1t8"]
action = SubResource("OpenXRAction_526xu")
paths = PackedStringArray("/user/hand/left/input/aim/pose", "/user/hand/right/input/aim/pose")

[sub_resource type="OpenXRIPBinding" id="OpenXRIPBinding_106ax"]
action = SubResource("OpenXRAction_aed3t")
paths = PackedStringArray("/user/hand/left/input/grip/pose", "/user/hand/right/input/grip/pose")

[sub_resource type="OpenXRIPBinding" id="OpenXRIPBinding_o0lg3"]
action = SubResource("OpenXRAction_bsemq")
paths = PackedStringArray("/user/hand/left/input/palm_ext/pose", "/user/hand/right/input/palm_ext/pose")

[sub_resource type="OpenXRIPBinding" id="OpenXRIPBinding_pwtlm"]
action = SubResource("OpenXRAction_1wajk")
paths = PackedStringArray("/user/hand/left/input/menu/click", "/user/hand/right/input/system/click")

[sub_resource type="OpenXRIPBinding" id="OpenXRIPBinding_4gcuc"]
action = SubResource("OpenXRAction_355qm")
paths = PackedStringArray("/user/hand/left/input/x/click", "/user/hand/right/input/a/click")

[sub_resource type="OpenXRIPBinding" id="OpenXRIPBinding_g0q57"]
action = SubResource("OpenXRAction_4ikq7")
paths = PackedStringArray("/user/hand/left/input/x/touch", "/user/hand/right/input/a/touch")

[sub_resource type="OpenXRIPBinding" id="OpenXRIPBinding_wc5oh"]
action = SubResource("OpenXRAction_6u1tr")
paths = PackedStringArray("/user/hand/left/input/y/click", "/user/hand/right/input/b/click")

[sub_resource type="OpenXRIPBinding" id="OpenXRIPBinding_y48r3"]
action = SubResource("OpenXRAction_plnbt")
paths = PackedStringArray("/user/hand/left/input/y/touch", "/user/hand/right/input/b/touch")

[sub_resource type="OpenXRIPBinding" id="OpenXRIPBinding_4xxsv"]
action = SubResource("OpenXRAction_cldrp")
paths = PackedStringArray("/user/hand/left/input/trigger/value", "/user/hand/right/input/trigger/value")

[sub_resource type="OpenXRIPBinding" id="OpenXRIPBinding_e2cxr"]
action = SubResource("OpenXRAction_c432s")
paths = PackedStringArray("/user/hand/left/input/trigger/value", "/user/hand/right/input/trigger/value")

[sub_resource type="OpenXRIPBinding" id="OpenXRIPBinding_h1gtd"]
action = SubResource("OpenXRAction_l5hw2")
paths = PackedStringArray("/user/hand/left/input/trigger/touch", "/user/hand/right/input/trigger/touch")

[sub_resource type="OpenXRIPBinding" id="OpenXRIPBinding_crc0s"]
action = SubResource("OpenXRAction_fahjj")
paths = PackedStringArray("/user/hand/left/input/squeeze/value", "/user/hand/right/input/squeeze/value")

[sub_resource type="OpenXRIPBinding" id="OpenXRIPBinding_6ldoy"]
action = SubResource("OpenXRAction_m40ap")
paths = PackedStringArray("/user/hand/left/input/squeeze/value", "/user/hand/right/input/squeeze/value")

[sub_resource type="OpenXRIPBinding" id="OpenXRIPBinding_4ilxp"]
action = SubResource("OpenXRAction_bh6co")
paths = PackedStringArray("/user/hand/left/input/thumbstick", "/user/hand/right/input/thumbstick")

[sub_resource type="OpenXRIPBinding" id="OpenXRIPBinding_tc0hy"]
action = SubResource("OpenXRAction_hning")
paths = PackedStringArray("/user/hand/left/input/thumbstick/click", "/user/hand/right/input/thumbstick/click")

[sub_resource type="OpenXRIPBinding" id="OpenXRIPBinding_tyqil"]
action = SubResource("OpenXRAction_b3kv0")
paths = PackedStringArray("/user/hand/left/input/thumbstick/touch", "/user/hand/right/input/thumbstick/touch")

[sub_resource type="OpenXRIPBinding" id="OpenXRIPBinding_6bvy1"]
action = SubResource("OpenXRAction_372q5")
paths = PackedStringArray("/user/hand/left/output/haptic", "/user/hand/right/output/haptic")

[sub_resource type="OpenXRInteractionProfile" id="OpenXRInteractionProfile_pionu"]
interaction_profile_path = "/interaction_profiles/oculus/touch_controller"
bindings = [SubResource("OpenXRIPBinding_dc8rs"), SubResource("OpenXRIPBinding_jl1t8"), SubResource("OpenXRIPBinding_106ax"), SubResource("OpenXRIPBinding_o0lg3"), SubResource("OpenXRIPBinding_pwtlm"), SubResource("OpenXRIPBinding_4gcuc"), SubResource("OpenXRIPBinding_g0q57"), SubResource("OpenXRIPBinding_wc5oh"), SubResource("OpenXRIPBinding_y48r3"), SubResource("OpenXRIPBinding_4xxsv"), SubResource("OpenXRIPBinding_e2cxr"), SubResource("OpenXRIPBinding_h1gtd"), SubResource("OpenXRIPBinding_crc0s"), SubResource("OpenXRIPBinding_6ldoy"), SubResource("OpenXRIPBinding_4ilxp"), SubResource("OpenXRIPBinding_tc0hy"), SubResource("OpenXRIPBinding_tyqil"), SubResource("OpenXRIPBinding_6bvy1")]

[sub_resource type="OpenXRIPBinding" id="OpenXRIPBinding_xytrg"]
action = SubResource("OpenXRAction_1000s")
paths = PackedStringArray("/user/hand/left/input/aim/pose", "/user/hand/right/input/aim/pose")

[sub_resource type="OpenXRIPBinding" id="OpenXRIPBinding_1v85b"]
action = SubResource("OpenXRAction_526xu")
paths = PackedStringArray("/user/hand/left/input/aim/pose", "/user/hand/right/input/aim/pose")

[sub_resource type="OpenXRIPBinding" id="OpenXRIPBinding_1bb30"]
action = SubResource("OpenXRAction_aed3t")
paths = PackedStringArray("/user/hand/left/input/grip/pose", "/user/hand/right/input/grip/pose")

[sub_resource type="OpenXRIPBinding" id="OpenXRIPBinding_2t4ty"]
action = SubResource("OpenXRAction_bsemq")
paths = PackedStringArray("/user/hand/left/input/palm_ext/pose", "/user/hand/right/input/palm_ext/pose")

[sub_resource type="OpenXRIPBinding" id="OpenXRIPBinding_iordv"]
action = SubResource("OpenXRAction_6irjl")
paths = PackedStringArray("/user/hand/left/input/system/click", "/user/hand/right/input/system/click")

[sub_resource type="OpenXRIPBinding" id="OpenXRIPBinding_1i7p4"]
action = SubResource("OpenXRAction_1wajk")
paths = PackedStringArray("/user/hand/left/input/menu/click")

[sub_resource type="OpenXRIPBinding" id="OpenXRIPBinding_aep32"]
action = SubResource("OpenXRAction_355qm")
paths = PackedStringArray("/user/hand/left/input/x/click", "/user/hand/right/input/a/click")

[sub_resource type="OpenXRIPBinding" id="OpenXRIPBinding_am06t"]
action = SubResource("OpenXRAction_4ikq7")
paths = PackedStringArray("/user/hand/left/input/x/touch", "/user/hand/right/input/a/touch")

[sub_resource type="OpenXRIPBinding" id="OpenXRIPBinding_bhc41"]
action = SubResource("OpenXRAction_6u1tr")
paths = PackedStringArray("/user/hand/left/input/y/click", "/user/hand/right/input/b/click")

[sub_resource type="OpenXRIPBinding" id="OpenXRIPBinding_tqwgu"]
action = SubResource("OpenXRAction_plnbt")
paths = PackedStringArray("/user/hand/left/input/y/touch", "/user/hand/right/input/b/touch")

[sub_resource type="OpenXRIPBinding" id="OpenXRIPBinding_yx0ux"]
action = SubResource("OpenXRAction_cldrp")
paths = PackedStringArray("/user/hand/left/input/trigger/value", "/user/hand/right/input/trigger/value")

[sub_resource type="OpenXRIPBinding" id="OpenXRIPBinding_5l8xx"]
action = SubResource("OpenXRAction_c432s")
paths = PackedStringArray("/user/hand/left/input/trigger/value", "/user/hand/right/input/trigger/value")

[sub_resource type="OpenXRIPBinding" id="OpenXRIPBinding_482hj"]
action = SubResource("OpenXRAction_l5hw2")
paths = PackedStringArray("/user/hand/left/input/trigger/touch", "/user/hand/right/input/trigger/touch")

[sub_resource type="OpenXRIPBinding" id="OpenXRIPBinding_d6sgl"]
action = SubResource("OpenXRAction_fahjj")
paths = PackedStringArray("/user/hand/left/input/squeeze/value", "/user/hand/right/input/squeeze/value")

[sub_resource type="OpenXRIPBinding" id="OpenXRIPBinding_pwxps"]
action = SubResource("OpenXRAction_m40ap")
paths = PackedStringArray("/user/hand/left/input/squeeze/value", "/user/hand/right/input/squeeze/value")

[sub_resource type="OpenXRIPBinding" id="OpenXRIPBinding_shayd"]
action = SubResource("OpenXRAction_bh6co")
paths = PackedStringArray("/user/hand/left/input/thumbstick", "/user/hand/right/input/thumbstick")

[sub_resource type="OpenXRIPBinding" id="OpenXRIPBinding_t1f7f"]
action = SubResource("OpenXRAction_hning")
paths = PackedStringArray("/user/hand/left/input/thumbstick/click", "/user/hand/right/input/thumbstick/click")

[sub_resource type="OpenXRIPBinding" id="OpenXRIPBinding_tryqa"]
action = SubResource("OpenXRAction_b3kv0")
paths = PackedStringArray("/user/hand/left/input/thumbstick/touch", "/user/hand/right/input/thumbstick/touch")

[sub_resource type="OpenXRIPBinding" id="OpenXRIPBinding_kv8ug"]
action = SubResource("OpenXRAction_372q5")
paths = PackedStringArray("/user/hand/left/output/haptic", "/user/hand/right/output/haptic")

[sub_resource type="OpenXRInteractionProfile" id="OpenXRInteractionProfile_xi3mx"]
interaction_profile_path = "/interaction_profiles/bytedance/pico4_controller"
bindings = [SubResource("OpenXRIPBinding_xytrg"), SubResource("OpenXRIPBinding_1v85b"), SubResource("OpenXRIPBinding_1bb30"), SubResource("OpenXRIPBinding_2t4ty"), SubResource("OpenXRIPBinding_iordv"), SubResource("OpenXRIPBinding_1i7p4"), SubResource("OpenXRIPBinding_aep32"), SubResource("OpenXRIPBinding_am06t"), SubResource("OpenXRIPBinding_bhc41"), SubResource("OpenXRIPBinding_tqwgu"), SubResource("OpenXRIPBinding_yx0ux"), SubResource("OpenXRIPBinding_5l8xx"), SubResource("OpenXRIPBinding_482hj"), SubResource("OpenXRIPBinding_d6sgl"), SubResource("OpenXRIPBinding_pwxps"), SubResource("OpenXRIPBinding_shayd"), SubResource("OpenXRIPBinding_t1f7f"), SubResource("OpenXRIPBinding_tryqa"), SubResource("OpenXRIPBinding_kv8ug")]

[sub_resource type="OpenXRIPBinding" id="OpenXRIPBinding_cfw5h"]
action = SubResource("OpenXRAction_1000s")
paths = PackedStringArray("/user/hand/left/input/aim/pose", "/user/hand/right/input/aim/pose")

[sub_resource type="OpenXRIPBinding" id="OpenXRIPBinding_sy4ng"]
action = SubResource("OpenXRAction_526xu")
paths = PackedStringArray("/user/hand/left/input/aim/pose", "/user/hand/right/input/aim/pose")

[sub_resource type="OpenXRIPBinding" id="OpenXRIPBinding_f15g7"]
action = SubResource("OpenXRAction_aed3t")
paths = PackedStringArray("/user/hand/left/input/grip/pose", "/user/hand/right/input/grip/pose")

[sub_resource type="OpenXRIPBinding" id="OpenXRIPBinding_w44x5"]
action = SubResource("OpenXRAction_bsemq")
paths = PackedStringArray("/user/hand/left/input/palm_ext/pose", "/user/hand/right/input/palm_ext/pose")

[sub_resource type="OpenXRIPBinding" id="OpenXRIPBinding_5v1bj"]
action = SubResource("OpenXRAction_1wajk")
paths = PackedStringArray("/user/hand/left/input/system/click", "/user/hand/right/input/system/click")

[sub_resource type="OpenXRIPBinding" id="OpenXRIPBinding_0jrgo"]
action = SubResource("OpenXRAction_355qm")
paths = PackedStringArray("/user/hand/left/input/a/click", "/user/hand/right/input/a/click")

[sub_resource type="OpenXRIPBinding" id="OpenXRIPBinding_t1dlp"]
action = SubResource("OpenXRAction_4ikq7")
paths = PackedStringArray("/user/hand/left/input/a/touch", "/user/hand/right/input/a/touch")

[sub_resource type="OpenXRIPBinding" id="OpenXRIPBinding_c5l51"]
action = SubResource("OpenXRAction_6u1tr")
paths = PackedStringArray("/user/hand/left/input/b/click", "/user/hand/right/input/b/click")

[sub_resource type="OpenXRIPBinding" id="OpenXRIPBinding_m8ul1"]
action = SubResource("OpenXRAction_plnbt")
paths = PackedStringArray("/user/hand/left/input/b/touch", "/user/hand/right/input/b/touch")

[sub_resource type="OpenXRIPBinding" id="OpenXRIPBinding_c531w"]
action = SubResource("OpenXRAction_cldrp")
paths = PackedStringArray("/user/hand/left/input/trigger/value", "/user/hand/right/input/trigger/value")

[sub_resource type="OpenXRIPBinding" id="OpenXRIPBinding_eeqhn"]
action = SubResource("OpenXRAction_c432s")
paths = PackedStringArray("/user/hand/left/input/trigger/click", "/user/hand/right/input/trigger/click")

[sub_resource type="OpenXRIPBinding" id="OpenXRIPBinding_swo6r"]
action = SubResource("OpenXRAction_l5hw2")
paths = PackedStringArray("/user/hand/left/input/trigger/touch", "/user/hand/right/input/trigger/touch")

[sub_resource type="OpenXRIPBinding" id="OpenXRIPBinding_wd83n"]
action = SubResource("OpenXRAction_fahjj")
paths = PackedStringArray("/user/hand/left/input/squeeze/value", "/user/hand/right/input/squeeze/value")

[sub_resource type="OpenXRIPBinding" id="OpenXRIPBinding_x3cwt"]
action = SubResource("OpenXRAction_m40ap")
paths = PackedStringArray("/user/hand/left/input/squeeze/value", "/user/hand/right/input/squeeze/value")

[sub_resource type="OpenXRIPBinding" id="OpenXRIPBinding_e0nuk"]
action = SubResource("OpenXRAction_mwvg2")
paths = PackedStringArray("/user/hand/left/input/squeeze/force", "/user/hand/right/input/squeeze/force")

[sub_resource type="OpenXRIPBinding" id="OpenXRIPBinding_n3inj"]
action = SubResource("OpenXRAction_bh6co")
paths = PackedStringArray("/user/hand/left/input/thumbstick", "/user/hand/right/input/thumbstick")

[sub_resource type="OpenXRIPBinding" id="OpenXRIPBinding_ej485"]
action = SubResource("OpenXRAction_hning")
paths = PackedStringArray("/user/hand/left/input/thumbstick/click", "/user/hand/right/input/thumbstick/click")

[sub_resource type="OpenXRIPBinding" id="OpenXRIPBinding_wu64i"]
action = SubResource("OpenXRAction_b3kv0")
paths = PackedStringArray("/user/hand/left/input/thumbstick/touch", "/user/hand/right/input/thumbstick/touch")

[sub_resource type="OpenXRIPBinding" id="OpenXRIPBinding_xfcfh"]
action = SubResource("OpenXRAction_3prkn")
paths = PackedStringArray("/user/hand/left/input/trackpad", "/user/hand/right/input/trackpad")

[sub_resource type="OpenXRIPBinding" id="OpenXRIPBinding_lje6c"]
action = SubResource("OpenXRAction_bbm2m")
paths = PackedStringArray("/user/hand/left/input/trackpad/force", "/user/hand/right/input/trackpad/force")

[sub_resource type="OpenXRIPBinding" id="OpenXRIPBinding_qtvi3"]
action = SubResource("OpenXRAction_6lcui")
paths = PackedStringArray("/user/hand/left/input/trackpad/touch", "/user/hand/right/input/trackpad/touch")

[sub_resource type="OpenXRIPBinding" id="OpenXRIPBinding_a6o3e"]
action = SubResource("OpenXRAction_372q5")
paths = PackedStringArray("/user/hand/left/output/haptic", "/user/hand/right/output/haptic")

[sub_resource type="OpenXRInteractionProfile" id="OpenXRInteractionProfile_slfs0"]
interaction_profile_path = "/interaction_profiles/valve/index_controller"
bindings = [SubResource("OpenXRIPBinding_cfw5h"), SubResource("OpenXRIPBinding_sy4ng"), SubResource("OpenXRIPBinding_f15g7"), SubResource("OpenXRIPBinding_w44x5"), SubResource("OpenXRIPBinding_5v1bj"), SubResource("OpenXRIPBinding_0jrgo"), SubResource("OpenXRIPBinding_t1dlp"), SubResource("OpenXRIPBinding_c5l51"), SubResource("OpenXRIPBinding_m8ul1"), SubResource("OpenXRIPBinding_c531w"), SubResource("OpenXRIPBinding_eeqhn"), SubResource("OpenXRIPBinding_swo6r"), SubResource("OpenXRIPBinding_wd83n"), SubResource("OpenXRIPBinding_x3cwt"), SubResource("OpenXRIPBinding_e0nuk"), SubResource("OpenXRIPBinding_n3inj"), SubResource("OpenXRIPBinding_ej485"), SubResource("OpenXRIPBinding_wu64i"), SubResource("OpenXRIPBinding_xfcfh"), SubResource("OpenXRIPBinding_lje6c"), SubResource("OpenXRIPBinding_qtvi3"), SubResource("OpenXRIPBinding_a6o3e")]

[sub_resource type="OpenXRIPBinding" id="OpenXRIPBinding_2l0du"]
action = SubResource("OpenXRAction_1000s")
paths = PackedStringArray("/user/hand/left/input/aim/pose", "/user/hand/right/input/aim/pose")

[sub_resource type="OpenXRIPBinding" id="OpenXRIPBinding_xwpmw"]
action = SubResource("OpenXRAction_526xu")
paths = PackedStringArray("/user/hand/left/input/aim/pose", "/user/hand/right/input/aim/pose")

[sub_resource type="OpenXRIPBinding" id="OpenXRIPBinding_et5t5"]
action = SubResource("OpenXRAction_aed3t")
paths = PackedStringArray("/user/hand/left/input/grip/pose", "/user/hand/right/input/grip/pose")

[sub_resource type="OpenXRIPBinding" id="OpenXRIPBinding_h80st"]
action = SubResource("OpenXRAction_bsemq")
paths = PackedStringArray("/user/hand/left/input/palm_ext/pose", "/user/hand/right/input/palm_ext/pose")

[sub_resource type="OpenXRIPBinding" id="OpenXRIPBinding_mtogj"]
action = SubResource("OpenXRAction_1wajk")
paths = PackedStringArray("/user/hand/left/input/menu/click", "/user/hand/right/input/menu/click")

[sub_resource type="OpenXRIPBinding" id="OpenXRIPBinding_3x3ct"]
action = SubResource("OpenXRAction_355qm")
paths = PackedStringArray("/user/hand/left/input/x/click", "/user/hand/right/input/a/click")

[sub_resource type="OpenXRIPBinding" id="OpenXRIPBinding_8q3jl"]
action = SubResource("OpenXRAction_6u1tr")
paths = PackedStringArray("/user/hand/left/input/y/click", "/user/hand/right/input/b/click")

[sub_resource type="OpenXRIPBinding" id="OpenXRIPBinding_dab2c"]
action = SubResource("OpenXRAction_cldrp")
paths = PackedStringArray("/user/hand/left/input/trigger/value", "/user/hand/right/input/trigger/value")

[sub_resource type="OpenXRIPBinding" id="OpenXRIPBinding_5g1q5"]
action = SubResource("OpenXRAction_c432s")
paths = PackedStringArray("/user/hand/left/input/trigger/value", "/user/hand/right/input/trigger/value")

[sub_resource type="OpenXRIPBinding" id="OpenXRIPBinding_e2drp"]
action = SubResource("OpenXRAction_fahjj")
paths = PackedStringArray("/user/hand/left/input/squeeze/value", "/user/hand/right/input/squeeze/value")

[sub_resource type="OpenXRIPBinding" id="OpenXRIPBinding_fnswg"]
action = SubResource("OpenXRAction_m40ap")
paths = PackedStringArray("/user/hand/left/input/squeeze/value", "/user/hand/right/input/squeeze/value")

[sub_resource type="OpenXRIPBinding" id="OpenXRIPBinding_dc6sa"]
action = SubResource("OpenXRAction_bh6co")
paths = PackedStringArray("/user/hand/left/input/thumbstick", "/user/hand/right/input/thumbstick")

[sub_resource type="OpenXRIPBinding" id="OpenXRIPBinding_1gk8k"]
action = SubResource("OpenXRAction_hning")
paths = PackedStringArray("/user/hand/left/input/thumbstick/click", "/user/hand/right/input/thumbstick/click")

[sub_resource type="OpenXRIPBinding" id="OpenXRIPBinding_58c1e"]
action = SubResource("OpenXRAction_372q5")
paths = PackedStringArray("/user/hand/left/output/haptic", "/user/hand/right/output/haptic")

[sub_resource type="OpenXRInteractionProfile" id="OpenXRInteractionProfile_l6b0n"]
interaction_profile_path = "/interaction_profiles/hp/mixed_reality_controller"
bindings = [SubResource("OpenXRIPBinding_2l0du"), SubResource("OpenXRIPBinding_xwpmw"), SubResource("OpenXRIPBinding_et5t5"), SubResource("OpenXRIPBinding_h80st"), SubResource("OpenXRIPBinding_mtogj"), SubResource("OpenXRIPBinding_3x3ct"), SubResource("OpenXRIPBinding_8q3jl"), SubResource("OpenXRIPBinding_dab2c"), SubResource("OpenXRIPBinding_5g1q5"), SubResource("OpenXRIPBinding_e2drp"), SubResource("OpenXRIPBinding_fnswg"), SubResource("OpenXRIPBinding_dc6sa"), SubResource("OpenXRIPBinding_1gk8k"), SubResource("OpenXRIPBinding_58c1e")]

[sub_resource type="OpenXRIPBinding" id="OpenXRIPBinding_d4dxm"]
action = SubResource("OpenXRAction_1000s")
paths = PackedStringArray("/user/hand/left/input/aim/pose", "/user/hand/right/input/aim/pose")

[sub_resource type="OpenXRIPBinding" id="OpenXRIPBinding_8osmf"]
action = SubResource("OpenXRAction_526xu")
paths = PackedStringArray("/user/hand/left/input/aim/pose", "/user/hand/right/input/aim/pose")

[sub_resource type="OpenXRIPBinding" id="OpenXRIPBinding_g0emi"]
action = SubResource("OpenXRAction_aed3t")
paths = PackedStringArray("/user/hand/left/input/grip/pose", "/user/hand/right/input/grip/pose")

[sub_resource type="OpenXRIPBinding" id="OpenXRIPBinding_uu0uy"]
action = SubResource("OpenXRAction_bsemq")
paths = PackedStringArray("/user/hand/left/input/palm_ext/pose", "/user/hand/right/input/palm_ext/pose")

[sub_resource type="OpenXRIPBinding" id="OpenXRIPBinding_v5rxv"]
action = SubResource("OpenXRAction_1wajk")
paths = PackedStringArray("/user/hand/left/input/menu/click", "/user/hand/right/input/menu/click")

[sub_resource type="OpenXRIPBinding" id="OpenXRIPBinding_ehyhe"]
action = SubResource("OpenXRAction_cldrp")
paths = PackedStringArray("/user/hand/left/input/trigger/value", "/user/hand/right/input/trigger/value")

[sub_resource type="OpenXRIPBinding" id="OpenXRIPBinding_oq7tx"]
action = SubResource("OpenXRAction_c432s")
paths = PackedStringArray("/user/hand/left/input/trigger/value", "/user/hand/right/input/trigger/value")

[sub_resource type="OpenXRIPBinding" id="OpenXRIPBinding_0xuxi"]
action = SubResource("OpenXRAction_fahjj")
paths = PackedStringArray("/user/hand/left/input/squeeze/click", "/user/hand/right/input/squeeze/click")

[sub_resource type="OpenXRIPBinding" id="OpenXRIPBinding_1y7vk"]
action = SubResource("OpenXRAction_m40ap")
paths = PackedStringArray("/user/hand/left/input/squeeze/click", "/user/hand/right/input/squeeze/click")

[sub_resource type="OpenXRIPBinding" id="OpenXRIPBinding_yykpf"]
action = SubResource("OpenXRAction_bh6co")
paths = PackedStringArray("/user/hand/left/input/thumbstick", "/user/hand/right/input/thumbstick")

[sub_resource type="OpenXRIPBinding" id="OpenXRIPBinding_s0awn"]
action = SubResource("OpenXRAction_hning")
paths = PackedStringArray("/user/hand/left/input/thumbstick/click", "/user/hand/right/input/thumbstick/click")

[sub_resource type="OpenXRIPBinding" id="OpenXRIPBinding_bfm8x"]
action = SubResource("OpenXRAction_3prkn")
paths = PackedStringArray("/user/hand/left/input/trackpad", "/user/hand/right/input/trackpad")

[sub_resource type="OpenXRIPBinding" id="OpenXRIPBinding_pnaiq"]
action = SubResource("OpenXRAction_bbm2m")
paths = PackedStringArray("/user/hand/left/input/trackpad/click", "/user/hand/right/input/trackpad/click")

[sub_resource type="OpenXRIPBinding" id="OpenXRIPBinding_xkr01"]
action = SubResource("OpenXRAction_6lcui")
paths = PackedStringArray("/user/hand/left/input/trackpad/touch", "/user/hand/right/input/trackpad/touch")

[sub_resource type="OpenXRIPBinding" id="OpenXRIPBinding_plk36"]
action = SubResource("OpenXRAction_372q5")
paths = PackedStringArray("/user/hand/left/output/haptic", "/user/hand/right/output/haptic")

[sub_resource type="OpenXRInteractionProfile" id="OpenXRInteractionProfile_724js"]
interaction_profile_path = "/interaction_profiles/samsung/odyssey_controller"
bindings = [SubResource("OpenXRIPBinding_d4dxm"), SubResource("OpenXRIPBinding_8osmf"), SubResource("OpenXRIPBinding_g0emi"), SubResource("OpenXRIPBinding_uu0uy"), SubResource("OpenXRIPBinding_v5rxv"), SubResource("OpenXRIPBinding_ehyhe"), SubResource("OpenXRIPBinding_oq7tx"), SubResource("OpenXRIPBinding_0xuxi"), SubResource("OpenXRIPBinding_1y7vk"), SubResource("OpenXRIPBinding_yykpf"), SubResource("OpenXRIPBinding_s0awn"), SubResource("OpenXRIPBinding_bfm8x"), SubResource("OpenXRIPBinding_pnaiq"), SubResource("OpenXRIPBinding_xkr01"), SubResource("OpenXRIPBinding_plk36")]

[sub_resource type="OpenXRIPBinding" id="OpenXRIPBinding_8bdko"]
action = SubResource("OpenXRAction_1000s")
paths = PackedStringArray("/user/hand/left/input/aim/pose", "/user/hand/right/input/aim/pose")

[sub_resource type="OpenXRIPBinding" id="OpenXRIPBinding_qh3xv"]
action = SubResource("OpenXRAction_526xu")
paths = PackedStringArray("/user/hand/left/input/aim/pose", "/user/hand/right/input/aim/pose")

[sub_resource type="OpenXRIPBinding" id="OpenXRIPBinding_fr44r"]
action = SubResource("OpenXRAction_aed3t")
paths = PackedStringArray("/user/hand/left/input/grip/pose", "/user/hand/right/input/grip/pose")

[sub_resource type="OpenXRIPBinding" id="OpenXRIPBinding_m646t"]
action = SubResource("OpenXRAction_bsemq")
paths = PackedStringArray("/user/hand/left/input/palm_ext/pose", "/user/hand/right/input/palm_ext/pose")

[sub_resource type="OpenXRIPBinding" id="OpenXRIPBinding_x5qky"]
action = SubResource("OpenXRAction_1wajk")
paths = PackedStringArray("/user/hand/left/input/menu/click")

[sub_resource type="OpenXRIPBinding" id="OpenXRIPBinding_0febe"]
action = SubResource("OpenXRAction_6irjl")
paths = PackedStringArray("/user/hand/right/input/system/click")

[sub_resource type="OpenXRIPBinding" id="OpenXRIPBinding_mmqms"]
action = SubResource("OpenXRAction_355qm")
paths = PackedStringArray("/user/hand/left/input/x/click", "/user/hand/right/input/a/click")

[sub_resource type="OpenXRIPBinding" id="OpenXRIPBinding_abryg"]
action = SubResource("OpenXRAction_6u1tr")
paths = PackedStringArray("/user/hand/left/input/y/click", "/user/hand/right/input/b/click")

[sub_resource type="OpenXRIPBinding" id="OpenXRIPBinding_0i7v3"]
action = SubResource("OpenXRAction_cldrp")
paths = PackedStringArray("/user/hand/left/input/trigger/value", "/user/hand/right/input/trigger/value")

[sub_resource type="OpenXRIPBinding" id="OpenXRIPBinding_atm3g"]
action = SubResource("OpenXRAction_c432s")
paths = PackedStringArray("/user/hand/left/input/trigger/click", "/user/hand/right/input/trigger/click")

[sub_resource type="OpenXRIPBinding" id="OpenXRIPBinding_7wcdu"]
action = SubResource("OpenXRAction_fahjj")
paths = PackedStringArray("/user/hand/left/input/squeeze/click", "/user/hand/right/input/squeeze/click")

[sub_resource type="OpenXRIPBinding" id="OpenXRIPBinding_6brko"]
action = SubResource("OpenXRAction_m40ap")
paths = PackedStringArray("/user/hand/left/input/squeeze/click", "/user/hand/right/input/squeeze/click")

[sub_resource type="OpenXRIPBinding" id="OpenXRIPBinding_penpa"]
action = SubResource("OpenXRAction_bh6co")
paths = PackedStringArray("/user/hand/left/input/thumbstick", "/user/hand/right/input/thumbstick")

[sub_resource type="OpenXRIPBinding" id="OpenXRIPBinding_7whji"]
action = SubResource("OpenXRAction_hning")
paths = PackedStringArray("/user/hand/left/input/thumbstick/click", "/user/hand/right/input/thumbstick/click")

[sub_resource type="OpenXRIPBinding" id="OpenXRIPBinding_yqbhw"]
action = SubResource("OpenXRAction_b3kv0")
paths = PackedStringArray("/user/hand/left/input/thumbstick/touch", "/user/hand/right/input/thumbstick/touch")

[sub_resource type="OpenXRIPBinding" id="OpenXRIPBinding_qnvft"]
action = SubResource("OpenXRAction_372q5")
paths = PackedStringArray("/user/hand/left/output/haptic", "/user/hand/right/output/haptic")

[sub_resource type="OpenXRInteractionProfile" id="OpenXRInteractionProfile_0kygr"]
interaction_profile_path = "/interaction_profiles/htc/vive_cosmos_controller"
bindings = [SubResource("OpenXRIPBinding_8bdko"), SubResource("OpenXRIPBinding_qh3xv"), SubResource("OpenXRIPBinding_fr44r"), SubResource("OpenXRIPBinding_m646t"), SubResource("OpenXRIPBinding_x5qky"), SubResource("OpenXRIPBinding_0febe"), SubResource("OpenXRIPBinding_mmqms"), SubResource("OpenXRIPBinding_abryg"), SubResource("OpenXRIPBinding_0i7v3"), SubResource("OpenXRIPBinding_atm3g"), SubResource("OpenXRIPBinding_7wcdu"), SubResource("OpenXRIPBinding_6brko"), SubResource("OpenXRIPBinding_penpa"), SubResource("OpenXRIPBinding_7whji"), SubResource("OpenXRIPBinding_yqbhw"), SubResource("OpenXRIPBinding_qnvft")]

[sub_resource type="OpenXRIPBinding" id="OpenXRIPBinding_pdq2f"]
action = SubResource("OpenXRAction_1000s")
paths = PackedStringArray("/user/hand/left/input/aim/pose", "/user/hand/right/input/aim/pose")

[sub_resource type="OpenXRIPBinding" id="OpenXRIPBinding_5ca1m"]
action = SubResource("OpenXRAction_526xu")
paths = PackedStringArray("/user/hand/left/input/aim/pose", "/user/hand/right/input/aim/pose")

[sub_resource type="OpenXRIPBinding" id="OpenXRIPBinding_24ubu"]
action = SubResource("OpenXRAction_aed3t")
paths = PackedStringArray("/user/hand/left/input/grip/pose", "/user/hand/right/input/grip/pose")

[sub_resource type="OpenXRIPBinding" id="OpenXRIPBinding_gfpb2"]
action = SubResource("OpenXRAction_bsemq")
paths = PackedStringArray("/user/hand/left/input/palm_ext/pose", "/user/hand/right/input/palm_ext/pose")

[sub_resource type="OpenXRIPBinding" id="OpenXRIPBinding_1fh86"]
action = SubResource("OpenXRAction_1wajk")
paths = PackedStringArray("/user/hand/left/input/menu/click")

[sub_resource type="OpenXRIPBinding" id="OpenXRIPBinding_oo2u6"]
action = SubResource("OpenXRAction_6irjl")
paths = PackedStringArray("/user/hand/right/input/system/click")

[sub_resource type="OpenXRIPBinding" id="OpenXRIPBinding_nutt8"]
action = SubResource("OpenXRAction_355qm")
paths = PackedStringArray("/user/hand/left/input/x/click", "/user/hand/right/input/a/click")

[sub_resource type="OpenXRIPBinding" id="OpenXRIPBinding_tjqwn"]
action = SubResource("OpenXRAction_6u1tr")
paths = PackedStringArray("/user/hand/left/input/y/click", "/user/hand/right/input/b/click")

[sub_resource type="OpenXRIPBinding" id="OpenXRIPBinding_hrsu6"]
action = SubResource("OpenXRAction_cldrp")
paths = PackedStringArray("/user/hand/left/input/trigger/value", "/user/hand/right/input/trigger/value")

[sub_resource type="OpenXRIPBinding" id="OpenXRIPBinding_b8ebf"]
action = SubResource("OpenXRAction_c432s")
paths = PackedStringArray("/user/hand/left/input/trigger/click", "/user/hand/right/input/trigger/click")

[sub_resource type="OpenXRIPBinding" id="OpenXRIPBinding_g6tqg"]
action = SubResource("OpenXRAction_l5hw2")
paths = PackedStringArray("/user/hand/left/input/trigger/touch", "/user/hand/right/input/trigger/touch")

[sub_resource type="OpenXRIPBinding" id="OpenXRIPBinding_06wt7"]
action = SubResource("OpenXRAction_fahjj")
paths = PackedStringArray("/user/hand/left/input/squeeze/click", "/user/hand/right/input/squeeze/click")

[sub_resource type="OpenXRIPBinding" id="OpenXRIPBinding_67o3a"]
action = SubResource("OpenXRAction_m40ap")
paths = PackedStringArray("/user/hand/left/input/squeeze/click", "/user/hand/right/input/squeeze/click")

[sub_resource type="OpenXRIPBinding" id="OpenXRIPBinding_ey7e4"]
action = SubResource("OpenXRAction_bh6co")
paths = PackedStringArray("/user/hand/left/input/thumbstick", "/user/hand/right/input/thumbstick")

[sub_resource type="OpenXRIPBinding" id="OpenXRIPBinding_trmq2"]
action = SubResource("OpenXRAction_hning")
paths = PackedStringArray("/user/hand/left/input/thumbstick/click", "/user/hand/right/input/thumbstick/click")

[sub_resource type="OpenXRIPBinding" id="OpenXRIPBinding_se8bu"]
action = SubResource("OpenXRAction_b3kv0")
paths = PackedStringArray("/user/hand/left/input/thumbstick/touch", "/user/hand/right/input/thumbstick/touch")

[sub_resource type="OpenXRIPBinding" id="OpenXRIPBinding_35518"]
action = SubResource("OpenXRAction_6lcui")
paths = PackedStringArray("/user/hand/left/input/thumbrest/touch", "/user/hand/right/input/thumbrest/touch")

[sub_resource type="OpenXRIPBinding" id="OpenXRIPBinding_t2wu1"]
action = SubResource("OpenXRAction_372q5")
paths = PackedStringArray("/user/hand/left/output/haptic", "/user/hand/right/output/haptic")

[sub_resource type="OpenXRInteractionProfile" id="OpenXRInteractionProfile_qvong"]
interaction_profile_path = "/interaction_profiles/htc/vive_focus3_controller"
bindings = [SubResource("OpenXRIPBinding_pdq2f"), SubResource("OpenXRIPBinding_5ca1m"), SubResource("OpenXRIPBinding_24ubu"), SubResource("OpenXRIPBinding_gfpb2"), SubResource("OpenXRIPBinding_1fh86"), SubResource("OpenXRIPBinding_oo2u6"), SubResource("OpenXRIPBinding_nutt8"), SubResource("OpenXRIPBinding_tjqwn"), SubResource("OpenXRIPBinding_hrsu6"), SubResource("OpenXRIPBinding_b8ebf"), SubResource("OpenXRIPBinding_g6tqg"), SubResource("OpenXRIPBinding_06wt7"), SubResource("OpenXRIPBinding_67o3a"), SubResource("OpenXRIPBinding_ey7e4"), SubResource("OpenXRIPBinding_trmq2"), SubResource("OpenXRIPBinding_se8bu"), SubResource("OpenXRIPBinding_35518"), SubResource("OpenXRIPBinding_t2wu1")]

[sub_resource type="OpenXRIPBinding" id="OpenXRIPBinding_foi6h"]
action = SubResource("OpenXRAction_1000s")
paths = PackedStringArray("/user/hand/left/input/aim/pose", "/user/hand/right/input/aim/pose")

[sub_resource type="OpenXRIPBinding" id="OpenXRIPBinding_l1eki"]
action = SubResource("OpenXRAction_526xu")
paths = PackedStringArray("/user/hand/left/input/aim/pose", "/user/hand/right/input/aim/pose")

[sub_resource type="OpenXRIPBinding" id="OpenXRIPBinding_mhe8r"]
action = SubResource("OpenXRAction_aed3t")
paths = PackedStringArray("/user/hand/left/input/grip/pose", "/user/hand/right/input/grip/pose")

[sub_resource type="OpenXRIPBinding" id="OpenXRIPBinding_ja3d7"]
action = SubResource("OpenXRAction_bsemq")
paths = PackedStringArray("/user/hand/left/input/palm_ext/pose", "/user/hand/right/input/palm_ext/pose")

[sub_resource type="OpenXRIPBinding" id="OpenXRIPBinding_45dfd"]
action = SubResource("OpenXRAction_1wajk")
paths = PackedStringArray("/user/hand/left/input/home/click", "/user/hand/right/input/home/click")

[sub_resource type="OpenXRIPBinding" id="OpenXRIPBinding_axnsr"]
action = SubResource("OpenXRAction_cldrp")
paths = PackedStringArray("/user/hand/left/input/trigger/value", "/user/hand/right/input/trigger/value")

[sub_resource type="OpenXRIPBinding" id="OpenXRIPBinding_wqak2"]
action = SubResource("OpenXRAction_c432s")
paths = PackedStringArray("/user/hand/left/input/trigger/click", "/user/hand/right/input/trigger/click")

[sub_resource type="OpenXRIPBinding" id="OpenXRIPBinding_nnm3x"]
action = SubResource("OpenXRAction_bh6co")
paths = PackedStringArray("/user/hand/left/input/trackpad", "/user/hand/right/input/trackpad")

[sub_resource type="OpenXRIPBinding" id="OpenXRIPBinding_voi3p"]
action = SubResource("OpenXRAction_hning")
paths = PackedStringArray("/user/hand/left/input/trackpad/click", "/user/hand/right/input/trackpad/click")

[sub_resource type="OpenXRIPBinding" id="OpenXRIPBinding_38eam"]
action = SubResource("OpenXRAction_b3kv0")
paths = PackedStringArray("/user/hand/left/input/trackpad/touch", "/user/hand/right/input/trackpad/touch")

[sub_resource type="OpenXRIPBinding" id="OpenXRIPBinding_ykgj0"]
action = SubResource("OpenXRAction_372q5")
paths = PackedStringArray("/user/hand/left/output/haptic", "/user/hand/right/output/haptic")

[sub_resource type="OpenXRInteractionProfile" id="OpenXRInteractionProfile_eiy2s"]
interaction_profile_path = "/interaction_profiles/huawei/controller"
bindings = [SubResource("OpenXRIPBinding_foi6h"), SubResource("OpenXRIPBinding_l1eki"), SubResource("OpenXRIPBinding_mhe8r"), SubResource("OpenXRIPBinding_ja3d7"), SubResource("OpenXRIPBinding_45dfd"), SubResource("OpenXRIPBinding_axnsr"), SubResource("OpenXRIPBinding_wqak2"), SubResource("OpenXRIPBinding_nnm3x"), SubResource("OpenXRIPBinding_voi3p"), SubResource("OpenXRIPBinding_38eam"), SubResource("OpenXRIPBinding_ykgj0")]

[sub_resource type="OpenXRIPBinding" id="OpenXRIPBinding_x6s30"]
action = SubResource("OpenXRAction_1000s")
paths = PackedStringArray("/user/vive_tracker_htcx/role/left_foot/input/grip/pose", "/user/vive_tracker_htcx/role/right_foot/input/grip/pose", "/user/vive_tracker_htcx/role/left_shoulder/input/grip/pose", "/user/vive_tracker_htcx/role/right_shoulder/input/grip/pose", "/user/vive_tracker_htcx/role/left_elbow/input/grip/pose", "/user/vive_tracker_htcx/role/right_elbow/input/grip/pose", "/user/vive_tracker_htcx/role/left_knee/input/grip/pose", "/user/vive_tracker_htcx/role/right_knee/input/grip/pose", "/user/vive_tracker_htcx/role/waist/input/grip/pose", "/user/vive_tracker_htcx/role/chest/input/grip/pose", "/user/vive_tracker_htcx/role/camera/input/grip/pose", "/user/vive_tracker_htcx/role/keyboard/input/grip/pose")

[sub_resource type="OpenXRIPBinding" id="OpenXRIPBinding_606n6"]
action = SubResource("OpenXRAction_372q5")
paths = PackedStringArray("/user/vive_tracker_htcx/role/left_foot/output/haptic", "/user/vive_tracker_htcx/role/right_foot/output/haptic", "/user/vive_tracker_htcx/role/left_shoulder/output/haptic", "/user/vive_tracker_htcx/role/right_shoulder/output/haptic", "/user/vive_tracker_htcx/role/left_elbow/output/haptic", "/user/vive_tracker_htcx/role/right_elbow/output/haptic", "/user/vive_tracker_htcx/role/left_knee/output/haptic", "/user/vive_tracker_htcx/role/right_knee/output/haptic", "/user/vive_tracker_htcx/role/waist/output/haptic", "/user/vive_tracker_htcx/role/chest/output/haptic", "/user/vive_tracker_htcx/role/camera/output/haptic", "/user/vive_tracker_htcx/role/keyboard/output/haptic")

[sub_resource type="OpenXRInteractionProfile" id="OpenXRInteractionProfile_gykpf"]
interaction_profile_path = "/interaction_profiles/htc/vive_tracker_htcx"
bindings = [SubResource("OpenXRIPBinding_x6s30"), SubResource("OpenXRIPBinding_606n6")]

[sub_resource type="OpenXRIPBinding" id="OpenXRIPBinding_wpegp"]
action = SubResource("OpenXRAction_1000s")
paths = PackedStringArray("/user/eyes_ext/input/gaze_ext/pose")

[sub_resource type="OpenXRInteractionProfile" id="OpenXRInteractionProfile_jb7rn"]
interaction_profile_path = "/interaction_profiles/ext/eye_gaze_interaction"
bindings = [SubResource("OpenXRIPBinding_wpegp")]

[resource]
action_sets = [SubResource("OpenXRActionSet_1ihdq")]
interaction_profiles = [SubResource("OpenXRInteractionProfile_uxbrf"), SubResource("OpenXRInteractionProfile_sfyko"), SubResource("OpenXRInteractionProfile_ldkip"), SubResource("OpenXRInteractionProfile_pionu"), SubResource("OpenXRInteractionProfile_xi3mx"), SubResource("OpenXRInteractionProfile_slfs0"), SubResource("OpenXRInteractionProfile_l6b0n"), SubResource("OpenXRInteractionProfile_724js"), SubResource("OpenXRInteractionProfile_0kygr"), SubResource("OpenXRInteractionProfile_qvong"), SubResource("OpenXRInteractionProfile_eiy2s"), SubResource("OpenXRInteractionProfile_gykpf"), SubResource("OpenXRInteractionProfile_jb7rn")]
