[gd_scene load_steps=6 format=3 uid="uid://ckb83ysdy5e0t"]

[ext_resource type="PackedScene" uid="uid://dhge04untlop6" path="res://Scenes/Concepts (Scenes)/UI Items (Scenes)/Menu.tscn" id="1_6elwt"]
[ext_resource type="Script" path="res://Scripts/Concepts (Scripts)/UI Items (Scripts)/Menus (Scripts)/SettingsMenu.gd" id="2_qlmxv"]
[ext_resource type="Script" path="res://Scripts/Concepts (Scripts)/UI Items (Scripts)/Menu.gd" id="3_74jgj"]

[sub_resource type="LabelSettings" id="LabelSettings_rxwc5"]
font_size = 50

[sub_resource type="LabelSettings" id="LabelSettings_sjf2s"]
font_size = 40

[node name="Settings Menu" instance=ExtResource("1_6elwt")]
visible = false
script = ExtResource("2_qlmxv")
pauseOnOpen = true

[node name="ColorRect" type="ColorRect" parent="." index="0"]
visible = false
offset_right = 475.0
offset_bottom = 600.0
color = Color(1, 1, 1, 0.501961)

[node name="VBoxContainer" type="Node3D" parent="ColorRect" index="0"]
visible = false
script = ExtResource("3_74jgj")
open = true
pivotNormalized = Vector2(0.5, 0.5)

[node name="Title Label" type="Label" parent="ColorRect/VBoxContainer" index="0"]
visible = false
modulate = Color(0, 0, 0, 1)
custom_minimum_size = Vector2(0, 100)
offset_right = 475.0
offset_bottom = 100.0
text = "Settings Menu"
label_settings = SubResource("LabelSettings_rxwc5")
horizontal_alignment = 1
vertical_alignment = 1

[node name="Back Button" type="Button" parent="ColorRect/VBoxContainer" index="1"]
visible = false
custom_minimum_size = Vector2(0, 100)
offset_top = 104.0
offset_right = 475.0
offset_bottom = 204.0

[node name="Back Button Label" type="Label" parent="ColorRect/VBoxContainer/Back Button" index="0"]
modulate = Color(0, 0, 0, 1)
layout_mode = 0
offset_right = 475.0
offset_bottom = 100.0
text = "Back"
label_settings = SubResource("LabelSettings_sjf2s")
horizontal_alignment = 1
vertical_alignment = 1

[node name="Clear Data Button" type="Button" parent="ColorRect/VBoxContainer" index="2"]
visible = false
custom_minimum_size = Vector2(0, 100)
offset_top = 208.0
offset_right = 475.0
offset_bottom = 308.0

[node name="Clear Data Button Label" type="Label" parent="ColorRect/VBoxContainer/Clear Data Button" index="0"]
modulate = Color(0, 0, 0, 1)
layout_mode = 0
offset_right = 475.0
offset_bottom = 100.0
text = "Clear Data"
label_settings = SubResource("LabelSettings_sjf2s")
horizontal_alignment = 1
vertical_alignment = 1

[node name="VBoxContainer2" type="Node3D" parent="ColorRect" index="1"]
visible = false
script = ExtResource("3_74jgj")
pivotNormalized = Vector2(0.5, 0.5)

[node name="Title Label" type="Label" parent="ColorRect/VBoxContainer2" index="0"]
visible = false
modulate = Color(0, 0, 0, 1)
custom_minimum_size = Vector2(0, 100)
text = "Clear Data?"
label_settings = SubResource("LabelSettings_rxwc5")
horizontal_alignment = 1
vertical_alignment = 1

[node name="HBoxContainer" type="HBoxContainer" parent="ColorRect/VBoxContainer2" index="1"]
visible = false

[node name="Yes Button" type="Button" parent="ColorRect/VBoxContainer2/HBoxContainer" index="0"]
custom_minimum_size = Vector2(237, 100)
layout_mode = 2

[node name="Yes Button Label" type="Label" parent="ColorRect/VBoxContainer2/HBoxContainer/Yes Button" index="0"]
modulate = Color(0, 0, 0, 1)
layout_mode = 0
offset_right = 237.0
offset_bottom = 100.0
text = "Yes"
label_settings = SubResource("LabelSettings_sjf2s")
horizontal_alignment = 1
vertical_alignment = 1

[node name="No Button" type="Button" parent="ColorRect/VBoxContainer2/HBoxContainer" index="1"]
custom_minimum_size = Vector2(237, 100)
layout_mode = 2

[node name="No Button Label" type="Label" parent="ColorRect/VBoxContainer2/HBoxContainer/No Button" index="0"]
modulate = Color(0, 0, 0, 1)
layout_mode = 0
offset_right = 237.0
offset_bottom = 100.0
text = "No"
label_settings = SubResource("LabelSettings_sjf2s")
horizontal_alignment = 1
vertical_alignment = 1

[connection signal="pressed" from="ColorRect/VBoxContainer/Back Button" to="." method="OpenPauseMenu"]
[connection signal="pressed" from="ColorRect/VBoxContainer/Clear Data Button" to="ColorRect/VBoxContainer" method="Close"]
[connection signal="pressed" from="ColorRect/VBoxContainer/Clear Data Button" to="ColorRect/VBoxContainer2" method="Open"]
[connection signal="pressed" from="ColorRect/VBoxContainer2/HBoxContainer/Yes Button" to="." method="ClearData"]
[connection signal="pressed" from="ColorRect/VBoxContainer2/HBoxContainer/No Button" to="ColorRect/VBoxContainer" method="Open"]
[connection signal="pressed" from="ColorRect/VBoxContainer2/HBoxContainer/No Button" to="ColorRect/VBoxContainer2" method="Close"]
