[gd_scene load_steps=10 format=3 uid="uid://c2d8vtrjvglot"]

[ext_resource type="Script" path="res://Scripts/Objects (Scripts)/Enemy.gd" id="2_m2p64"]
[ext_resource type="Script" path="res://Scripts/Concepts (Scripts)/BulletPatternEntry.gd" id="3_isf82"]
[ext_resource type="Script" path="res://Scripts/Concepts (Scripts)/Bullet Patterrns/LoopBulletPatterns.gd" id="4_fgok0"]
[ext_resource type="Script" path="res://Scripts/Concepts (Scripts)/Bullet Patterrns/ShootAheadWithRandomOffset.gd" id="5_8vlud"]
[ext_resource type="PackedScene" uid="uid://b1mh6we48sk12" path="res://Art/Models/Enemy 3.glb" id="6_0jysq"]
[ext_resource type="Script" path="res://Scripts/Concepts (Scripts)/FloatRange.gd" id="6_36xp0"]
[ext_resource type="Shader" uid="uid://dn61ew7kqpvnr" path="res://Art/Shaders/Enemy 3.tres" id="7_3p61o"]

[sub_resource type="SphereShape3D" id="SphereShape3D_igpww"]
radius = 1.0

[sub_resource type="ShaderMaterial" id="ShaderMaterial_82kft"]
render_priority = 0
shader = ExtResource("7_3p61o")
shader_parameter/timeOffset = null

[node name="Enemy 3" type="Node3D" node_paths=PackedStringArray("bulletPatternEntry", "characterBody")]
script = ExtResource("2_m2p64")
moveSpeed = 5.0
reloadSpeed = 5.0
bulletPatternEntry = NodePath("Bullet Pattern Entry")
characterBody = NodePath("CharacterBody3D")
difficulty = 14.0
height = 12.0
maxHp = 30.0

[node name="Bullet Pattern Entry" type="Node" parent="." node_paths=PackedStringArray("bulletPattern", "spawnNode")]
script = ExtResource("3_isf82")
bulletPattern = NodePath("Loop Bullet Patterns")
bulletScenePath = "res://Scenes/Objects (Scenes)/Bullets (Scenes)/Enemy Bullets/Enemy Bullet 3.tscn"
spawnNode = NodePath("../CharacterBody3D/Shoot Spawner")

[node name="Loop Bullet Patterns" type="Node" parent="Bullet Pattern Entry" node_paths=PackedStringArray("bulletPatterns")]
script = ExtResource("4_fgok0")
count = 7
bulletPatterns = [NodePath("Shoot Ahead With Random Offset")]

[node name="Shoot Ahead With Random Offset" type="Node" parent="Bullet Pattern Entry/Loop Bullet Patterns" node_paths=PackedStringArray("randomOffsetRange")]
script = ExtResource("5_8vlud")
randomOffsetRange = NodePath("Random Offset Range")
canShoot = true

[node name="Random Offset Range" type="Node" parent="Bullet Pattern Entry/Loop Bullet Patterns/Shoot Ahead With Random Offset"]
script = ExtResource("6_36xp0")
max = 60.0

[node name="CharacterBody3D" type="CharacterBody3D" parent="."]
collision_layer = 4
collision_mask = 15
input_ray_pickable = false

[node name="Shoot Spawner" type="Node3D" parent="CharacterBody3D"]

[node name="CollisionShape3D" type="CollisionShape3D" parent="CharacterBody3D"]
transform = Transform3D(6, 0, 0, 0, 6, 0, 0, 0, 6, 0, 0, 0)
shape = SubResource("SphereShape3D_igpww")

[node name="Enemy 3" parent="CharacterBody3D" instance=ExtResource("6_0jysq")]
transform = Transform3D(6, 0, 0, 0, 6, 0, 0, 0, 6, 0, 0, 0)

[node name="SurfSphere" parent="CharacterBody3D/Enemy 3" index="0"]
material_override = SubResource("ShaderMaterial_82kft")

[editable path="CharacterBody3D/Enemy 3"]
