[gd_scene load_steps=8 format=3 uid="uid://djk7h62vmqol4"]

[ext_resource type="Script" path="res://Scripts/Objects (Scripts)/Enemy.gd" id="1_7ir78"]
[ext_resource type="Script" path="res://Scripts/Concepts (Scripts)/BulletPatternEntry.gd" id="2_etpjw"]
[ext_resource type="Script" path="res://Scripts/Concepts (Scripts)/Bullet Patterrns/LoopBulletPatterns.gd" id="3_7b1cc"]
[ext_resource type="Script" path="res://Scripts/Concepts (Scripts)/Bullet Patterrns/ShootHomingShot.gd" id="4_4x4ih"]
[ext_resource type="Script" path="res://Scripts/Concepts (Scripts)/Bullet Patterrns/ShootAtPlayerPoint.gd" id="4_kuv3r"]
[ext_resource type="PackedScene" uid="uid://cqehwxv7b8aoa" path="res://Art/Models/Enemy 4.glb" id="6_hroif"]

[sub_resource type="CapsuleShape3D" id="CapsuleShape3D_rabvm"]
radius = 1.0
height = 6.0

[node name="Enemy 4" type="Node3D" node_paths=PackedStringArray("bulletPatternEntry", "characterBody")]
script = ExtResource("1_7ir78")
moveSpeed = 10.0
reloadSpeed = 2.0
bulletPatternEntry = NodePath("Bullet Pattern Entry")
characterBody = NodePath("CharacterBody3D")
difficulty = 7.0
height = 15.0
maxHp = 30.0

[node name="Bullet Pattern Entry" type="Node" parent="." node_paths=PackedStringArray("bulletPattern", "spawnNode")]
script = ExtResource("2_etpjw")
bulletPattern = NodePath("Loop Bullet Patterns")
bulletScenePath = "res://Scenes/Objects (Scenes)/Bullets (Scenes)/Enemy Bullets/Enemy Bullet 4.tscn"
spawnNode = NodePath("../CharacterBody3D/Shoot Spawner")

[node name="Loop Bullet Patterns" type="Node" parent="Bullet Pattern Entry" node_paths=PackedStringArray("bulletPatterns")]
script = ExtResource("3_7b1cc")
count = 1
bulletPatterns = [NodePath("ShootAtPlayerPoint"), NodePath("ShootHomingShot")]

[node name="ShootAtPlayerPoint" type="Node" parent="Bullet Pattern Entry/Loop Bullet Patterns"]
script = ExtResource("4_kuv3r")
canShoot = true
changesSpawnNodeTransformOnShoot = true

[node name="ShootHomingShot" type="Node" parent="Bullet Pattern Entry/Loop Bullet Patterns"]
script = ExtResource("4_4x4ih")
rotateSpeed = 65.0
canShoot = true

[node name="CharacterBody3D" type="CharacterBody3D" parent="."]
transform = Transform3D(2.5, 0, 0, 0, 2.5, 0, 0, 0, 2.5, 0, 0, 0)
collision_layer = 4
collision_mask = 15
input_ray_pickable = false

[node name="Shoot Spawner" type="Node3D" parent="CharacterBody3D"]
transform = Transform3D(1, 0, 0, 0, 1, 0, 0, 0, 1, 0, 2.5, 0)

[node name="CollisionShape3D" type="CollisionShape3D" parent="CharacterBody3D"]
transform = Transform3D(1, 0, 0, 0, 1, 0, 0, 0, 1, 0, 3, 0)
shape = SubResource("CapsuleShape3D_rabvm")

[node name="Enemy 4" parent="CharacterBody3D" instance=ExtResource("6_hroif")]
transform = Transform3D(1, 0, 0, 0, 1, 0, 0, 0, 1, 0, 5, 0)
