[gd_resource type="VisualShader" load_steps=13 format=3 uid="uid://xhn8rnwthdv1"]

[ext_resource type="Script" path="res://addons/shaderV/rgba/noise/fractal/perlin4d_fractal.gd" id="1_d1cwi"]
[ext_resource type="Script" path="res://addons/shaderV/tools/TimeScaled.gd" id="2_udrqv"]
[ext_resource type="Script" path="res://addons/shaderV/uv/animated/swirlUV.gd" id="3_s4akd"]
[ext_resource type="Script" path="res://addons/shaderV/rgba/noise/worley3d.gd" id="5_0g6xv"]
[ext_resource type="Script" path="res://addons/VisualShaderExtras/Wave/SineWave.gd" id="5_qt6j3"]

[sub_resource type="VisualShaderNodeFloatParameter" id="VisualShaderNodeFloatParameter_41nsu"]
parameter_name = "timeOffset"

[sub_resource type="VisualShaderNodeCustom" id="VisualShaderNodeCustom_2lkfy"]
output_port_for_preview = 0
default_input_values = [1, 3, 2, Vector3(2, 2, 0), 3, 2.0, 4, 0.8, 5, 0.5, 6, 0.6, 7, Vector3(0.5, 0.5, 0), 8, 0.0, 9, 0.0]
initialized = true
script = ExtResource("1_d1cwi")

[sub_resource type="VisualShaderNodeCustom" id="VisualShaderNodeCustom_w0mi4"]
default_input_values = [0, 1.0]
initialized = true
script = ExtResource("2_udrqv")

[sub_resource type="VisualShaderNodeFloatOp" id="VisualShaderNodeFloatOp_g3hgt"]

[sub_resource type="VisualShaderNodeCustom" id="VisualShaderNodeCustom_jiwwp"]
output_port_for_preview = 0
default_input_values = [1, Vector3(0.5, 0.5, 0), 2, 3.0, 3, 0.0]
initialized = true
script = ExtResource("3_s4akd")

[sub_resource type="VisualShaderNodeCustom" id="VisualShaderNodeCustom_m1yyl"]
output_port_for_preview = 1
default_input_values = [1, Vector3(0, 0, 0), 2, 5.0, 3, 1.0, 4, 0.0]
initialized = true
script = ExtResource("5_0g6xv")

[sub_resource type="VisualShaderNodeCustom" id="VisualShaderNodeCustom_u6q7g"]
default_input_values = [1, 1.0, 2, 0.5, 3, 0.0, 4, 0.0]
initialized = true
script = ExtResource("5_qt6j3")

[resource]
code = "shader_type canvas_item;
render_mode blend_mix;

uniform float timeOffset;


// FractalPerlinNoise4D
#include \"res://addons/shaderV/rgba/noise/fractal/perlin4d_fractal.gdshaderinc\"
// WorleyNoise3D
#include \"res://addons/shaderV/rgba/noise/worley3d.gdshaderinc\"
// SineWave

		float sine_wave(float IN, float __amplitude, float __frequency, float __phase, float __height) {
			return __amplitude * sin(2.0 * PI * __frequency * IN + __phase) + __height;
		}
	
// SwirlUV
#include \"res://addons/shaderV/uv/animated/swirlUV.gdshaderinc\"

void fragment() {
// FloatParameter:10
	float n_out10p0 = timeOffset;


	float n_out12p0;
// ScaledTIME:12
	float n_in12p0 = 1.00000;
	{
		n_out12p0 = n_in12p0 * TIME;
	}


// FloatOp:13
	float n_out13p0 = n_out10p0 + n_out12p0;


	float n_out11p0;
// FractalPerlinNoise4D:11
	int n_in11p1 = 3;
	vec3 n_in11p2 = vec3(2.00000, 2.00000, 0.00000);
	float n_in11p3 = 2.00000;
	float n_in11p4 = 0.80000;
	float n_in11p5 = 0.50000;
	float n_in11p6 = 0.60000;
	vec3 n_in11p7 = vec3(0.50000, 0.50000, 0.00000);
	float n_in11p8 = 0.00000;
	{
		n_out11p0 = _perlinNoise4DFBM(UV.xy, int(n_in11p1), n_in11p2.xy, n_in11p3, n_in11p4, n_in11p5, n_in11p6, n_in11p7.xy, n_out13p0, n_in11p8);
	}


	float n_out16p0;
	float n_out16p1;
// WorleyNoise3D:16
	float n_in16p2 = 5.00000;
	float n_in16p3 = 1.00000;
	{
		vec2 n_out16p0n_out16p1 = _cellular3dNoiseFunc(vec3((UV.xy+vec3(n_out11p0).xy)*n_in16p2, n_out13p0), min(max(n_in16p3, 0.0), 1.0));
		n_out16p0 = n_out16p0n_out16p1.x;
		n_out16p1 = n_out16p0n_out16p1.y;
	}


	float n_out17p0;
// SineWave:17
	float n_in17p1 = 1.00000;
	float n_in17p2 = 0.50000;
	float n_in17p3 = 0.00000;
	float n_in17p4 = 0.00000;
	{
		n_out17p0 = sine_wave(n_out13p0, n_in17p1, n_in17p2, n_in17p3, n_in17p4);
	}


	vec3 n_out14p0;
// SwirlUV:14
	float n_in14p2 = 3.00000;
	{
		n_out14p0.xy = _swirlUVFunc(vec3(n_out11p0).xy, n_out17p0, vec3(n_out16p1).xy, n_in14p2);
	}


// Output:0
	COLOR.rgb = n_out14p0;


}
"
mode = 1
flags/light_only = false
nodes/fragment/0/position = Vector2(5440, 760)
nodes/fragment/10/node = SubResource("VisualShaderNodeFloatParameter_41nsu")
nodes/fragment/10/position = Vector2(3340, 760)
nodes/fragment/11/node = SubResource("VisualShaderNodeCustom_2lkfy")
nodes/fragment/11/position = Vector2(4060, 720)
nodes/fragment/12/node = SubResource("VisualShaderNodeCustom_w0mi4")
nodes/fragment/12/position = Vector2(3420, 1000)
nodes/fragment/13/node = SubResource("VisualShaderNodeFloatOp_g3hgt")
nodes/fragment/13/position = Vector2(3780, 960)
nodes/fragment/14/node = SubResource("VisualShaderNodeCustom_jiwwp")
nodes/fragment/14/position = Vector2(4580, 720)
nodes/fragment/16/node = SubResource("VisualShaderNodeCustom_m1yyl")
nodes/fragment/16/position = Vector2(4320, 360)
nodes/fragment/17/node = SubResource("VisualShaderNodeCustom_u6q7g")
nodes/fragment/17/position = Vector2(4080, 1320)
nodes/fragment/connections = PackedInt32Array(12, 0, 13, 1, 10, 0, 13, 0, 13, 0, 11, 9, 14, 0, 0, 0, 11, 0, 14, 0, 11, 0, 16, 1, 16, 1, 14, 1, 13, 0, 17, 0, 17, 0, 14, 3, 13, 0, 16, 4)
