[gd_resource type="VisualShader" load_steps=28 format=3 uid="uid://dru82sp1gq4k5"]

[ext_resource type="Script" path="res://addons/shaderV/tools/TimeScaled.gd" id="2_ccss7"]
[ext_resource type="Script" path="res://addons/shaderV/rgba/generate_shapes/gridShape.gd" id="3_dbxxl"]
[ext_resource type="Script" path="res://Scripts/Concepts (Scripts)/Visual Shader Nodes/RadialShear.gd" id="4_r28hq"]
[ext_resource type="Script" path="res://addons/shaderV/rgba/noise/worley3d.gd" id="5_b5dnj"]
[ext_resource type="Script" path="res://Scripts/Concepts (Scripts)/Visual Shader Nodes/PointOnCircle.gd" id="5_vppa3"]

[sub_resource type="VisualShaderNodeCustom" id="VisualShaderNodeCustom_k85w8"]
default_input_values = [0, 0.25]
initialized = true
script = ExtResource("2_ccss7")

[sub_resource type="VisualShaderNodeCustom" id="VisualShaderNodeCustom_olno5"]
default_input_values = [1, Vector3(0, 0, 0), 2, 2.0, 3, 1.0, 4, 0.0]
initialized = true
script = ExtResource("5_b5dnj")

[sub_resource type="VisualShaderNodeCustom" id="VisualShaderNodeCustom_v68tj"]
default_input_values = [0, 0.25]
initialized = true
script = ExtResource("2_ccss7")

[sub_resource type="VisualShaderNodeCustom" id="VisualShaderNodeCustom_pcvj1"]
output_port_for_preview = 0
default_input_values = [1, Vector3(3, 3, 0), 2, Vector3(0.5, 0.5, 0), 3, Vector3(0.01, 0.01, 0), 4, Vector3(0, 1, 0), 5, 1.0, 6, Vector3(0, 0, 0), 7, 0.0]
initialized = true
script = ExtResource("3_dbxxl")

[sub_resource type="VisualShaderNodeVectorOp" id="VisualShaderNodeVectorOp_mpr0t"]

[sub_resource type="VisualShaderNodeFloatOp" id="VisualShaderNodeFloatOp_h26us"]
default_input_values = [0, 0.0, 1, 9.0]

[sub_resource type="VisualShaderNodeCustom" id="VisualShaderNodeCustom_527kt"]
output_port_for_preview = 0
default_input_values = [1, Vector3(3, 3, 0), 2, Vector3(0.5, 0.5, 0), 3, Vector3(0.01, 0.01, 0), 4, Vector3(0, 0, 1), 5, 1.0, 6, Vector3(0, 0, 0), 7, 0.0]
initialized = true
script = ExtResource("3_dbxxl")

[sub_resource type="VisualShaderNodeCustom" id="VisualShaderNodeCustom_r8cdx"]
default_input_values = [0, 0.25]
initialized = true
script = ExtResource("2_ccss7")

[sub_resource type="VisualShaderNodeCustom" id="VisualShaderNodeCustom_ukidl"]
default_input_values = [1, Vector3(0, 0, 0), 2, 2.0, 3, 1.0, 4, 0.0]
initialized = true
script = ExtResource("5_b5dnj")

[sub_resource type="VisualShaderNodeFloatOp" id="VisualShaderNodeFloatOp_uq6go"]
default_input_values = [0, 0.0, 1, 99.0]

[sub_resource type="VisualShaderNodeVectorOp" id="VisualShaderNodeVectorOp_o42l0"]

[sub_resource type="VisualShaderNodeCustom" id="VisualShaderNodeCustom_w6hdv"]
default_input_values = [0, Vector2(0, 0), 1, Vector2(0.5, 0.5), 2, Vector2(0.01, 0.01), 3, Vector2(0, 0)]
initialized = true
script = ExtResource("4_r28hq")

[sub_resource type="VisualShaderNodeInput" id="VisualShaderNodeInput_d4t75"]
input_name = "uv"

[sub_resource type="VisualShaderNodeCustom" id="VisualShaderNodeCustom_wr5ix"]
output_port_for_preview = 0
default_input_values = [0, Vector2(1, 0), 1, 0, 2, 1]
initialized = true
script = ExtResource("5_vppa3")

[sub_resource type="VisualShaderNodeCustom" id="VisualShaderNodeCustom_wrsd3"]
default_input_values = [0, 90.0]
initialized = true
script = ExtResource("2_ccss7")

[sub_resource type="VisualShaderNodeFloatConstant" id="VisualShaderNodeFloatConstant_28a6s"]
constant = 3.0

[sub_resource type="VisualShaderNodeFloatParameter" id="VisualShaderNodeFloatParameter_hkhcx"]
parameter_name = "timeOffset"

[sub_resource type="VisualShaderNodeFloatOp" id="VisualShaderNodeFloatOp_5x826"]
default_input_values = [0, 0.0, 1, 9.0]

[sub_resource type="VisualShaderNodeFloatOp" id="VisualShaderNodeFloatOp_ctb0b"]
default_input_values = [0, 0.0, 1, 99.0]

[sub_resource type="VisualShaderNodeFloatOp" id="VisualShaderNodeFloatOp_k7dty"]

[sub_resource type="VisualShaderNodeCustom" id="VisualShaderNodeCustom_plhen"]
output_port_for_preview = 0
default_input_values = [1, Vector3(3, 3, 0), 2, Vector3(0.5, 0.5, 0), 3, Vector3(0.01, 0.01, 0), 4, Vector3(1, 0, 0), 5, 1.0, 6, Vector3(0, 0, 0), 7, 0.0]
initialized = true
script = ExtResource("3_dbxxl")

[sub_resource type="VisualShaderNodeCustom" id="VisualShaderNodeCustom_dspwo"]
default_input_values = [1, Vector3(0, 0, 0), 2, 2.0, 3, 1.0, 4, 0.0]
initialized = true
script = ExtResource("5_b5dnj")

[resource]
code = "shader_type canvas_item;
render_mode blend_mix;

uniform float timeOffset;


// PointOnCircle

		vec2 FromFacingAngle (float facingAngle) {
			return normalize(vec2(cos(radians(facingAngle)), sin(radians(facingAngle))));
		}
		
		vec2 PointOnCircle (vec2 center, float degrees, float radius) {
			return center + FromFacingAngle(degrees) * radius;
		}
	
// RadialShear

		vec2 RadialShear (vec2 uv, vec2 Center, vec2 Strength, vec2 offset) {
			vec2 delta = uv - Center;
			float delta2 = dot(delta, delta);
			vec2 delta_offset = delta2 * Strength;
			return uv + vec2(delta.y, -delta.x) * delta_offset + offset;
		}
	
// WorleyNoise3D
#include \"res://addons/shaderV/rgba/noise/worley3d.gdshaderinc\"
// GridShape
#include \"res://addons/shaderV/rgba/generate_shapes/gridShape.gdshaderinc\"

void fragment() {
// Input:27
	vec2 n_out27p0 = UV;


	float n_out29p0;
// ScaledTIME:29
	float n_in29p0 = 90.00000;
	{
		n_out29p0 = n_in29p0 * TIME;
	}


// FloatConstant:30
	float n_out30p0 = 3.000000;


	vec2 n_out28p0;
// PointOnCircle:28
	vec2 n_in28p0 = vec2(1.00000, 0.00000);
	{
		n_out28p0 = PointOnCircle (n_in28p0, n_out29p0, n_out30p0);
	}


	vec2 n_out26p0;
// RadialShear:26
	vec2 n_in26p1 = vec2(0.50000, 0.50000);
	vec2 n_in26p3 = vec2(0.00000, 0.00000);
	{
		n_out26p0 = RadialShear (n_out27p0, n_in26p1, n_out28p0, n_in26p3);
	}


	float n_out10p0;
// ScaledTIME:10
	float n_in10p0 = 0.25000;
	{
		n_out10p0 = n_in10p0 * TIME;
	}


// FloatParameter:31
	float n_out31p0 = timeOffset;


// FloatOp:34
	float n_out34p0 = n_out10p0 + n_out31p0;


	float n_out9p0;
	float n_out9p1;
// WorleyNoise3D:9
	vec3 n_in9p1 = vec3(0.00000, 0.00000, 0.00000);
	float n_in9p2 = 2.00000;
	float n_in9p3 = 1.00000;
	{
		vec2 n_out9p0n_out9p1 = _cellular3dNoiseFunc(vec3((vec3(n_out26p0, 0.0).xy+n_in9p1.xy)*n_in9p2, n_out34p0), min(max(n_in9p3, 0.0), 1.0));
		n_out9p0 = n_out9p0n_out9p1.x;
		n_out9p1 = n_out9p0n_out9p1.y;
	}


	vec3 n_out6p0;
	float n_out6p1;
// GridShape:6
	vec3 n_in6p1 = vec3(3.00000, 3.00000, 0.00000);
	vec3 n_in6p2 = vec3(0.50000, 0.50000, 0.00000);
	vec3 n_in6p3 = vec3(0.01000, 0.01000, 0.00000);
	vec3 n_in6p4 = vec3(1.00000, 0.00000, 0.00000);
	float n_in6p5 = 1.00000;
	vec3 n_in6p6 = vec3(0.00000, 0.00000, 0.00000);
	float n_in6p7 = 0.00000;
	{
		vec4 n_out6p0n_out6p1 = _gridFunc(vec3(n_out9p1).xy, n_in6p2.xy, n_in6p3.xy, n_in6p1.xy, vec4(n_in6p4, n_in6p5), vec4(n_in6p6, n_in6p7));
		n_out6p0 = n_out6p0n_out6p1.rgb;
		n_out6p1 = n_out6p0n_out6p1.a;
	}


	float n_out16p0;
// ScaledTIME:16
	float n_in16p0 = 0.25000;
	{
		n_out16p0 = n_in16p0 * TIME;
	}


// FloatOp:32
	float n_in32p1 = 9.00000;
	float n_out32p0 = n_out31p0 + n_in32p1;


// FloatOp:20
	float n_out20p0 = n_out16p0 + n_out32p0;


	float n_out14p0;
	float n_out14p1;
// WorleyNoise3D:14
	vec3 n_in14p1 = vec3(0.00000, 0.00000, 0.00000);
	float n_in14p2 = 2.00000;
	float n_in14p3 = 1.00000;
	{
		vec2 n_out14p0n_out14p1 = _cellular3dNoiseFunc(vec3((vec3(n_out26p0, 0.0).xy+n_in14p1.xy)*n_in14p2, n_out20p0), min(max(n_in14p3, 0.0), 1.0));
		n_out14p0 = n_out14p0n_out14p1.x;
		n_out14p1 = n_out14p0n_out14p1.y;
	}


	vec3 n_out17p0;
	float n_out17p1;
// GridShape:17
	vec3 n_in17p1 = vec3(3.00000, 3.00000, 0.00000);
	vec3 n_in17p2 = vec3(0.50000, 0.50000, 0.00000);
	vec3 n_in17p3 = vec3(0.01000, 0.01000, 0.00000);
	vec3 n_in17p4 = vec3(0.00000, 1.00000, 0.00000);
	float n_in17p5 = 1.00000;
	vec3 n_in17p6 = vec3(0.00000, 0.00000, 0.00000);
	float n_in17p7 = 0.00000;
	{
		vec4 n_out17p0n_out17p1 = _gridFunc(vec3(n_out14p1).xy, n_in17p2.xy, n_in17p3.xy, n_in17p1.xy, vec4(n_in17p4, n_in17p5), vec4(n_in17p6, n_in17p7));
		n_out17p0 = n_out17p0n_out17p1.rgb;
		n_out17p1 = n_out17p0n_out17p1.a;
	}


// VectorOp:19
	vec3 n_out19p0 = n_out6p0 + n_out17p0;


	float n_out22p0;
// ScaledTIME:22
	float n_in22p0 = 0.25000;
	{
		n_out22p0 = n_in22p0 * TIME;
	}


// FloatOp:33
	float n_in33p1 = 99.00000;
	float n_out33p0 = n_out31p0 + n_in33p1;


// FloatOp:24
	float n_out24p0 = n_out22p0 + n_out33p0;


	float n_out23p0;
	float n_out23p1;
// WorleyNoise3D:23
	vec3 n_in23p1 = vec3(0.00000, 0.00000, 0.00000);
	float n_in23p2 = 2.00000;
	float n_in23p3 = 1.00000;
	{
		vec2 n_out23p0n_out23p1 = _cellular3dNoiseFunc(vec3((vec3(n_out26p0, 0.0).xy+n_in23p1.xy)*n_in23p2, n_out24p0), min(max(n_in23p3, 0.0), 1.0));
		n_out23p0 = n_out23p0n_out23p1.x;
		n_out23p1 = n_out23p0n_out23p1.y;
	}


	vec3 n_out21p0;
	float n_out21p1;
// GridShape:21
	vec3 n_in21p1 = vec3(3.00000, 3.00000, 0.00000);
	vec3 n_in21p2 = vec3(0.50000, 0.50000, 0.00000);
	vec3 n_in21p3 = vec3(0.01000, 0.01000, 0.00000);
	vec3 n_in21p4 = vec3(0.00000, 0.00000, 1.00000);
	float n_in21p5 = 1.00000;
	vec3 n_in21p6 = vec3(0.00000, 0.00000, 0.00000);
	float n_in21p7 = 0.00000;
	{
		vec4 n_out21p0n_out21p1 = _gridFunc(vec3(n_out23p1).xy, n_in21p2.xy, n_in21p3.xy, n_in21p1.xy, vec4(n_in21p4, n_in21p5), vec4(n_in21p6, n_in21p7));
		n_out21p0 = n_out21p0n_out21p1.rgb;
		n_out21p1 = n_out21p0n_out21p1.a;
	}


// VectorOp:25
	vec3 n_out25p0 = n_out19p0 + n_out21p0;


// Output:0
	COLOR.rgb = n_out25p0;


}
"
mode = 1
flags/light_only = false
nodes/fragment/0/position = Vector2(1260, -340)
nodes/fragment/6/node = SubResource("VisualShaderNodeCustom_plhen")
nodes/fragment/6/position = Vector2(480, -340)
nodes/fragment/9/node = SubResource("VisualShaderNodeCustom_dspwo")
nodes/fragment/9/position = Vector2(200, -380)
nodes/fragment/10/node = SubResource("VisualShaderNodeCustom_k85w8")
nodes/fragment/10/position = Vector2(-740, -960)
nodes/fragment/14/node = SubResource("VisualShaderNodeCustom_olno5")
nodes/fragment/14/position = Vector2(200, 700)
nodes/fragment/16/node = SubResource("VisualShaderNodeCustom_v68tj")
nodes/fragment/16/position = Vector2(-740, -800)
nodes/fragment/17/node = SubResource("VisualShaderNodeCustom_pcvj1")
nodes/fragment/17/position = Vector2(480, 720)
nodes/fragment/19/node = SubResource("VisualShaderNodeVectorOp_mpr0t")
nodes/fragment/19/position = Vector2(820, -420)
nodes/fragment/20/node = SubResource("VisualShaderNodeFloatOp_h26us")
nodes/fragment/20/position = Vector2(-40, 780)
nodes/fragment/21/node = SubResource("VisualShaderNodeCustom_527kt")
nodes/fragment/21/position = Vector2(480, 200)
nodes/fragment/22/node = SubResource("VisualShaderNodeCustom_r8cdx")
nodes/fragment/22/position = Vector2(-740, -620)
nodes/fragment/23/node = SubResource("VisualShaderNodeCustom_ukidl")
nodes/fragment/23/position = Vector2(200, 160)
nodes/fragment/24/node = SubResource("VisualShaderNodeFloatOp_uq6go")
nodes/fragment/24/position = Vector2(-40, 240)
nodes/fragment/25/node = SubResource("VisualShaderNodeVectorOp_o42l0")
nodes/fragment/25/position = Vector2(1040, -420)
nodes/fragment/26/node = SubResource("VisualShaderNodeCustom_w6hdv")
nodes/fragment/26/position = Vector2(-40, -380)
nodes/fragment/27/node = SubResource("VisualShaderNodeInput_d4t75")
nodes/fragment/27/position = Vector2(-740, -460)
nodes/fragment/28/node = SubResource("VisualShaderNodeCustom_wr5ix")
nodes/fragment/28/position = Vector2(-340, -320)
nodes/fragment/29/node = SubResource("VisualShaderNodeCustom_wrsd3")
nodes/fragment/29/position = Vector2(-740, -300)
nodes/fragment/30/node = SubResource("VisualShaderNodeFloatConstant_28a6s")
nodes/fragment/30/position = Vector2(-740, -140)
nodes/fragment/31/node = SubResource("VisualShaderNodeFloatParameter_hkhcx")
nodes/fragment/31/position = Vector2(-740, 100)
nodes/fragment/32/node = SubResource("VisualShaderNodeFloatOp_5x826")
nodes/fragment/32/position = Vector2(-340, 800)
nodes/fragment/33/node = SubResource("VisualShaderNodeFloatOp_ctb0b")
nodes/fragment/33/position = Vector2(-340, 260)
nodes/fragment/34/node = SubResource("VisualShaderNodeFloatOp_k7dty")
nodes/fragment/34/position = Vector2(-340, 40)
nodes/fragment/connections = PackedInt32Array(16, 0, 20, 0, 20, 0, 14, 4, 24, 0, 23, 4, 19, 0, 25, 0, 17, 0, 19, 1, 6, 0, 19, 0, 21, 0, 25, 1, 29, 0, 28, 1, 30, 0, 28, 2, 26, 0, 23, 0, 26, 0, 14, 0, 26, 0, 9, 0, 28, 0, 26, 2, 9, 1, 6, 0, 14, 1, 17, 0, 23, 1, 21, 0, 31, 0, 32, 0, 32, 0, 20, 1, 31, 0, 33, 0, 33, 0, 24, 1, 22, 0, 24, 0, 10, 0, 34, 0, 34, 0, 9, 4, 31, 0, 34, 1, 27, 0, 26, 0, 25, 0, 0, 0)
