[gd_resource type="VisualShader" load_steps=12 format=3 uid="uid://dn61ew7kqpvnr"]

[ext_resource type="Script" path="res://addons/shaderV/tools/TimeScaled.gd" id="1_pwnkv"]
[ext_resource type="Script" path="res://addons/VisualShaderExtras/UV/UVTwirl.gd" id="2_ywyko"]
[ext_resource type="Script" path="res://Scripts/Concepts (Scripts)/Visual Shader Nodes/PointOnCircle.gd" id="5_to4k4"]

[sub_resource type="VisualShaderNodeFloatParameter" id="VisualShaderNodeFloatParameter_41nsu"]
parameter_name = "timeOffset"

[sub_resource type="VisualShaderNodeClamp" id="VisualShaderNodeClamp_g73go"]
default_input_values = [0, Vector3(0, 0, 0), 1, Vector3(0, 0, 0), 2, Vector3(1, 1, 1)]
op_type = 4

[sub_resource type="VisualShaderNodeUVPolarCoord" id="VisualShaderNodeUVPolarCoord_vhr4j"]
default_input_values = [1, Vector2(0.5, 0.5), 2, 2.0, 3, 30.0]

[sub_resource type="VisualShaderNodeCustom" id="VisualShaderNodeCustom_dtxvt"]
default_input_values = [1, Vector2(0.5, 0.5), 2, 10.0, 3, Vector2(0, 0)]
initialized = true
script = ExtResource("2_ywyko")

[sub_resource type="VisualShaderNodeCustom" id="VisualShaderNodeCustom_rc5p3"]
default_input_values = [0, Vector2(0, 0), 1, 0, 2, 1]
initialized = true
script = ExtResource("5_to4k4")

[sub_resource type="VisualShaderNodeFloatConstant" id="VisualShaderNodeFloatConstant_r7i0g"]
constant = 1.0

[sub_resource type="VisualShaderNodeCustom" id="VisualShaderNodeCustom_76w0k"]
default_input_values = [0, 15.0]
initialized = true
script = ExtResource("1_pwnkv")

[sub_resource type="VisualShaderNodeFloatOp" id="VisualShaderNodeFloatOp_p0stx"]

[resource]
code = "shader_type spatial;
render_mode blend_mix, depth_draw_opaque, cull_back, diffuse_lambert, specular_schlick_ggx;

uniform float timeOffset;


// UVTwirl

		vec2 Twirl(vec2 __uv, vec2 __center, float __strength, vec2 __offset)
		{
			vec2 __delta = __uv - __center;
			float __angle = __strength * length(__delta);
			float __x = cos(__angle) * __delta.x - sin(__angle) * __delta.y;
			float __y = sin(__angle) * __delta.x + cos(__angle) * __delta.y;
			return vec2(__x + __center.x + __offset.x, __y + __center.y + __offset.y);
		}
	
// PointOnCircle

		vec2 FromFacingAngle (float facingAngle) {
			return normalize(vec2(cos(radians(facingAngle)), sin(radians(facingAngle))));
		}
		
		vec2 PointOnCircle (vec2 center, float degrees, float radius) {
			return center + FromFacingAngle(degrees) * radius;
		}
	

void fragment() {
	vec2 n_out5p0;
// UVTwirl:5
	vec2 n_in5p1 = vec2(0.50000, 0.50000);
	float n_in5p2 = 10.00000;
	vec2 n_in5p3 = vec2(0.00000, 0.00000);
	{
		n_out5p0.xy = Twirl(UV.xy, n_in5p1.xy, n_in5p2, n_in5p3.xy);
	}


	float n_out8p0;
// ScaledTIME:8
	float n_in8p0 = 15.00000;
	{
		n_out8p0 = n_in8p0 * TIME;
	}


// FloatParameter:10
	float n_out10p0 = timeOffset;


// FloatOp:9
	float n_out9p0 = n_out8p0 + n_out10p0;


// FloatConstant:7
	float n_out7p0 = 1.000000;


	vec2 n_out6p0;
// PointOnCircle:6
	vec2 n_in6p0 = vec2(0.00000, 0.00000);
	{
		n_out6p0 = PointOnCircle (n_in6p0, n_out9p0, n_out7p0);
	}


	vec2 n_out4p0;
// UVPolarCoord:4
	float n_in4p2 = 2.00000;
	float n_in4p3 = 30.00000;
	{
		vec2 __dir = n_out5p0 - n_out6p0;
		float __radius = length(__dir) * 2.0;
		float __angle = atan(__dir.y, __dir.x) * 1.0 / (PI * 2.0);
		n_out4p0 = vec2(__radius * n_in4p2, __angle * n_in4p3);
	}


// Output:0
	ALBEDO = vec3(n_out4p0, 0.0);


}
"
graph_offset = Vector2(-653.168, -102.614)
nodes/fragment/0/position = Vector2(2400, -280)
nodes/fragment/4/node = SubResource("VisualShaderNodeUVPolarCoord_vhr4j")
nodes/fragment/4/position = Vector2(1640, -280)
nodes/fragment/5/node = SubResource("VisualShaderNodeCustom_dtxvt")
nodes/fragment/5/position = Vector2(1060, -460)
nodes/fragment/6/node = SubResource("VisualShaderNodeCustom_rc5p3")
nodes/fragment/6/position = Vector2(1320, -260)
nodes/fragment/7/node = SubResource("VisualShaderNodeFloatConstant_r7i0g")
nodes/fragment/7/position = Vector2(1060, -220)
nodes/fragment/8/node = SubResource("VisualShaderNodeCustom_76w0k")
nodes/fragment/8/position = Vector2(720, -20)
nodes/fragment/9/node = SubResource("VisualShaderNodeFloatOp_p0stx")
nodes/fragment/9/position = Vector2(1080, -40)
nodes/fragment/10/node = SubResource("VisualShaderNodeFloatParameter_41nsu")
nodes/fragment/10/position = Vector2(660, 180)
nodes/fragment/11/node = SubResource("VisualShaderNodeClamp_g73go")
nodes/fragment/11/position = Vector2(2040, -180)
nodes/fragment/connections = PackedInt32Array(5, 0, 4, 0, 6, 0, 4, 1, 7, 0, 6, 2, 8, 0, 9, 0, 10, 0, 9, 1, 9, 0, 6, 1, 4, 0, 11, 0, 4, 0, 0, 0)
