[gd_resource type="VisualShader" load_steps=18 format=3 uid="uid://ctihl4k7uju5w"]

[ext_resource type="Script" path="res://addons/shaderV/tools/TimeScaled.gd" id="1_ht5o3"]
[ext_resource type="Script" path="res://addons/shaderV/uv/animated/swirlUV.gd" id="2_thw0b"]
[ext_resource type="Script" path="res://addons/shaderV/rgba/noise/fractal/simplex4d_fractal.gd" id="4_kut3b"]

[sub_resource type="VisualShaderNodeFloatOp" id="VisualShaderNodeFloatOp_6d0u8"]
operator = 6

[sub_resource type="VisualShaderNodeCustom" id="VisualShaderNodeCustom_arfbh"]
default_input_values = [1, Vector3(0.5, 0.5, 0), 2, 10.0, 3, 0.5]
initialized = true
script = ExtResource("2_thw0b")

[sub_resource type="VisualShaderNodeCustom" id="VisualShaderNodeCustom_k8sj3"]
default_input_values = [0, 0.5]
initialized = true
script = ExtResource("1_ht5o3")

[sub_resource type="VisualShaderNodeCustom" id="VisualShaderNodeCustom_vrcxs"]
default_input_values = [1, Vector3(0.5, 0.5, 0), 2, -10.0, 3, 0.5]
initialized = true
script = ExtResource("2_thw0b")

[sub_resource type="VisualShaderNodeVectorCompose" id="VisualShaderNodeVectorCompose_wutww"]

[sub_resource type="VisualShaderNodeFloatOp" id="VisualShaderNodeFloatOp_k0la5"]
operator = 5

[sub_resource type="VisualShaderNodeCustom" id="VisualShaderNodeCustom_pmtli"]
default_input_values = [0, 0.05]
initialized = true
script = ExtResource("1_ht5o3")

[sub_resource type="VisualShaderNodeFloatOp" id="VisualShaderNodeFloatOp_ccstr"]

[sub_resource type="VisualShaderNodeFloatParameter" id="VisualShaderNodeFloatParameter_ugdye"]
parameter_name = "timeOffset"

[sub_resource type="VisualShaderNodeFloatOp" id="VisualShaderNodeFloatOp_dk7q8"]

[sub_resource type="VisualShaderNodeTexture2DParameter" id="VisualShaderNodeTexture2DParameter_55pjt"]
parameter_name = "Texture2DParameter"

[sub_resource type="VisualShaderNodeCustom" id="VisualShaderNodeCustom_juexe"]
default_input_values = [1, 6, 2, Vector3(2, 2, 0), 3, 1.5, 4, 0.8, 5, 0.0, 6, 0.6, 7, Vector3(0.5, 0.5, 0), 8, 0.0, 9, 0.0]
initialized = true
script = ExtResource("4_kut3b")

[sub_resource type="VisualShaderNodeCustom" id="VisualShaderNodeCustom_u4ncg"]
default_input_values = [1, 6, 2, Vector3(2, 2, 0), 3, 1.5, 4, 0.8, 5, 0.0, 6, 0.6, 7, Vector3(0.5, 0.5, 0), 8, 0.0, 9, 8.95]
initialized = true
script = ExtResource("4_kut3b")

[sub_resource type="VisualShaderNodeFloatOp" id="VisualShaderNodeFloatOp_n1hgo"]

[resource]
code = "shader_type canvas_item;
render_mode blend_mix;

uniform float timeOffset;


// SwirlUV
#include \"res://addons/shaderV/uv/animated/swirlUV.gdshaderinc\"
// FractalSimplexNoise4D
#include \"res://addons/shaderV/rgba/noise/fractal/simplex4d_fractal.gdshaderinc\"

void fragment() {
	vec3 n_out12p0;
// SwirlUV:12
	vec3 n_in12p1 = vec3(0.50000, 0.50000, 0.00000);
	float n_in12p2 = 10.00000;
	float n_in12p3 = 0.50000;
	{
		n_out12p0.xy = _swirlUVFunc(UV.xy, n_in12p3, n_in12p1.xy, n_in12p2);
	}


	float n_out17p0;
// ScaledTIME:17
	float n_in17p0 = 0.05000;
	{
		n_out17p0 = n_in17p0 * TIME;
	}


// FloatParameter:19
	float n_out19p0 = timeOffset;


// FloatOp:18
	float n_out18p0 = n_out17p0 + n_out19p0;


	float n_out13p0;
// ScaledTIME:13
	float n_in13p0 = 0.50000;
	{
		n_out13p0 = n_in13p0 * TIME;
	}


// FloatOp:20
	float n_out20p0 = n_out13p0 + n_out19p0;


	float n_out8p0;
// FractalSimplexNoise4D:8
	int n_in8p1 = 6;
	vec3 n_in8p2 = vec3(2.00000, 2.00000, 0.00000);
	float n_in8p3 = 1.50000;
	float n_in8p4 = 0.80000;
	float n_in8p5 = 0.00000;
	float n_in8p6 = 0.60000;
	{
		n_out8p0 = _simplexNoise4DFBM(n_out12p0.xy, int(n_in8p1), n_in8p2.xy, n_in8p3, n_in8p4, n_in8p5, n_in8p6, vec3(n_out18p0).xy, n_out12p0.x, n_out20p0);
	}


	vec3 n_out14p0;
// SwirlUV:14
	vec3 n_in14p1 = vec3(0.50000, 0.50000, 0.00000);
	float n_in14p2 = -10.00000;
	float n_in14p3 = 0.50000;
	{
		n_out14p0.xy = _swirlUVFunc(UV.xy, n_in14p3, n_in14p1.xy, n_in14p2);
	}


	float n_out7p0;
// FractalSimplexNoise4D:7
	int n_in7p1 = 6;
	vec3 n_in7p2 = vec3(2.00000, 2.00000, 0.00000);
	float n_in7p3 = 1.50000;
	float n_in7p4 = 0.80000;
	float n_in7p5 = 0.00000;
	float n_in7p6 = 0.60000;
	{
		n_out7p0 = _simplexNoise4DFBM(n_out14p0.xy, int(n_in7p1), n_in7p2.xy, n_in7p3, n_in7p4, n_in7p5, n_in7p6, vec3(n_out18p0).xy, n_out14p0.x, n_out20p0);
	}


// FloatOp:9
	float n_out9p0 = n_out8p0 + n_out7p0;


// FloatOp:10
	float n_out10p0 = max(n_out8p0, n_out7p0);


// FloatOp:16
	float n_out16p0 = pow(n_out8p0, n_out7p0);


// VectorCompose:15
	vec3 n_out15p0 = vec3(n_out9p0, n_out10p0, n_out16p0);


// Output:0
	COLOR.rgb = n_out15p0;


}
"
mode = 1
flags/light_only = false
nodes/fragment/0/position = Vector2(140, -1280)
nodes/fragment/7/node = SubResource("VisualShaderNodeCustom_juexe")
nodes/fragment/7/position = Vector2(-580, -1260)
nodes/fragment/8/node = SubResource("VisualShaderNodeCustom_u4ncg")
nodes/fragment/8/position = Vector2(-580, -1660)
nodes/fragment/9/node = SubResource("VisualShaderNodeFloatOp_n1hgo")
nodes/fragment/9/position = Vector2(-320, -1320)
nodes/fragment/10/node = SubResource("VisualShaderNodeFloatOp_6d0u8")
nodes/fragment/10/position = Vector2(-320, -1100)
nodes/fragment/12/node = SubResource("VisualShaderNodeCustom_arfbh")
nodes/fragment/12/position = Vector2(-1160, -1700)
nodes/fragment/13/node = SubResource("VisualShaderNodeCustom_k8sj3")
nodes/fragment/13/position = Vector2(-1160, -1440)
nodes/fragment/14/node = SubResource("VisualShaderNodeCustom_vrcxs")
nodes/fragment/14/position = Vector2(-1160, -620)
nodes/fragment/15/node = SubResource("VisualShaderNodeVectorCompose_wutww")
nodes/fragment/15/position = Vector2(-80, -1320)
nodes/fragment/16/node = SubResource("VisualShaderNodeFloatOp_k0la5")
nodes/fragment/16/position = Vector2(-320, -1700)
nodes/fragment/17/node = SubResource("VisualShaderNodeCustom_pmtli")
nodes/fragment/17/position = Vector2(-1160, -1040)
nodes/fragment/18/node = SubResource("VisualShaderNodeFloatOp_ccstr")
nodes/fragment/18/position = Vector2(-820, -1080)
nodes/fragment/19/node = SubResource("VisualShaderNodeFloatParameter_ugdye")
nodes/fragment/19/position = Vector2(-1160, -880)
nodes/fragment/20/node = SubResource("VisualShaderNodeFloatOp_dk7q8")
nodes/fragment/20/position = Vector2(-820, -1480)
nodes/fragment/21/node = SubResource("VisualShaderNodeTexture2DParameter_55pjt")
nodes/fragment/21/position = Vector2(-2287.52, -1374.3)
nodes/fragment/connections = PackedInt32Array(8, 0, 9, 0, 7, 0, 9, 1, 8, 0, 10, 0, 7, 0, 10, 1, 12, 0, 8, 0, 12, 0, 8, 9, 14, 0, 7, 0, 14, 0, 7, 9, 10, 0, 15, 1, 8, 0, 16, 0, 7, 0, 16, 1, 16, 0, 15, 2, 9, 0, 15, 0, 15, 0, 0, 0, 18, 0, 8, 7, 18, 0, 7, 7, 13, 0, 20, 0, 19, 0, 20, 1, 20, 0, 7, 8, 20, 0, 8, 8, 17, 0, 18, 0, 19, 0, 18, 1)
