[gd_resource type="VisualShader" load_steps=36 format=3 uid="uid://bou54shtsm6bx"]

[ext_resource type="Script" path="res://Scripts/Concepts (Scripts)/Visual Shader Nodes/PointOnCircle.gd" id="2_hi11s"]
[ext_resource type="Script" path="res://addons/VisualShaderExtras/Wave/SineWave.gd" id="2_xii30"]
[ext_resource type="Script" path="res://addons/shaderV/tools/TimeScaled.gd" id="3_xbwbh"]
[ext_resource type="Script" path="res://addons/shaderV/rgba/noise/fractal/generic2d_fractal.gd" id="4_ialiy"]
[ext_resource type="Script" path="res://addons/shaderV/rgba/noise/simplex2d.gd" id="8_nq2o4"]
[ext_resource type="Script" path="res://addons/shaderV/rgba/hue.gd" id="10_lgik2"]
[ext_resource type="Script" path="res://addons/VisualShaderExtras/BlendModes/darken_blend.gd" id="11_w66mj"]
[ext_resource type="Script" path="res://addons/shaderV/rgba/noise/perlin4d.gd" id="12_jq1gr"]
[ext_resource type="Script" path="res://addons/shaderV/rgba/noise/worley2d.gd" id="12_k11lj"]
[ext_resource type="Script" path="res://addons/VisualShaderExtras/BlendModes/burn_blend.gd" id="13_hd3pw"]

[sub_resource type="VisualShaderNodeFloatParameter" id="VisualShaderNodeFloatParameter_41nsu"]
parameter_name = "timeOffset"

[sub_resource type="VisualShaderNodeCustom" id="VisualShaderNodeCustom_04kjb"]
default_input_values = [1, 1.0, 2, 1.0, 3, 0.0, 4, 2.0]
initialized = true
script = ExtResource("2_xii30")

[sub_resource type="VisualShaderNodeCustom" id="VisualShaderNodeCustom_8swri"]
default_input_values = [0, 0.05]
initialized = true
script = ExtResource("3_xbwbh")

[sub_resource type="VisualShaderNodeCustom" id="VisualShaderNodeCustom_gci8i"]
output_port_for_preview = 0
default_input_values = [1, 6, 2, Vector3(1, 1, 0), 3, 1.5, 4, 0.8, 5, 0.5, 6, 0.3, 7, Vector3(0.5, 0.5, 0)]
initialized = true
script = ExtResource("4_ialiy")

[sub_resource type="VisualShaderNodeCustom" id="VisualShaderNodeCustom_hv80f"]
output_port_for_preview = 0
default_input_values = [1, 6, 2, Vector3(2, 2, 0), 3, 2.0, 4, 0.0, 5, 0.5, 6, 0.3, 7, Vector3(0.5, 0.5, 0)]
initialized = true
script = ExtResource("4_ialiy")

[sub_resource type="VisualShaderNodeCustom" id="VisualShaderNodeCustom_7pghg"]
output_port_for_preview = 0
default_input_values = [1, 6, 2, Vector3(1, 1, 0), 3, 1.5, 4, 0.8, 5, 12.0, 6, 0.1, 7, Vector3(0, 0, 0)]
initialized = true
script = ExtResource("4_ialiy")

[sub_resource type="VisualShaderNodeCustom" id="VisualShaderNodeCustom_yumay"]
output_port_for_preview = 0
default_input_values = [1, Vector3(0, 0, 0), 2, 3.0]
initialized = true
script = ExtResource("8_nq2o4")

[sub_resource type="VisualShaderNodeCustom" id="VisualShaderNodeCustom_dp1xr"]
default_input_values = [0, Vector2(9, 9), 1, 0, 2, 1]
initialized = true
script = ExtResource("2_hi11s")

[sub_resource type="VisualShaderNodeFloatConstant" id="VisualShaderNodeFloatConstant_em82t"]
constant = 9.0

[sub_resource type="VisualShaderNodeCustom" id="VisualShaderNodeCustom_yf4v2"]
output_port_for_preview = 0
initialized = true
script = ExtResource("10_lgik2")

[sub_resource type="VisualShaderNodeCustom" id="VisualShaderNodeCustom_reybd"]
output_port_for_preview = 0
default_input_values = [2, 0.5]
initialized = true
script = ExtResource("11_w66mj")

[sub_resource type="VisualShaderNodeCustom" id="VisualShaderNodeCustom_qa5al"]
default_input_values = [1, Vector3(1, 0, 0), 2, 2.5, 3, 1.0]
initialized = true
script = ExtResource("12_k11lj")

[sub_resource type="VisualShaderNodeUVPolarCoord" id="VisualShaderNodeUVPolarCoord_vhr4j"]
default_input_values = [1, Vector2(0.5, 0.5), 2, 2.0, 3, 0.0]

[sub_resource type="VisualShaderNodeCustom" id="VisualShaderNodeCustom_2sbfr"]
output_port_for_preview = 0
default_input_values = [1, Vector3(0, 0, 0), 2, 5.0, 3, 1.0, 4, 0.0]
initialized = true
script = ExtResource("12_jq1gr")

[sub_resource type="VisualShaderNodeCustom" id="VisualShaderNodeCustom_mdtu1"]
default_input_values = [0, 2.0]
initialized = true
script = ExtResource("3_xbwbh")

[sub_resource type="VisualShaderNodeCustom" id="VisualShaderNodeCustom_yeffc"]
output_port_for_preview = 0
default_input_values = [2, 1.0]
initialized = true
script = ExtResource("13_hd3pw")

[sub_resource type="VisualShaderNodeCustom" id="VisualShaderNodeCustom_fn3g8"]
default_input_values = [1, 1.0, 2, 0.5, 3, 0.0, 4, -0.5]
initialized = true
script = ExtResource("2_xii30")

[sub_resource type="VisualShaderNodeCustom" id="VisualShaderNodeCustom_3vfnt"]
default_input_values = [0, 1.0]
initialized = true
script = ExtResource("3_xbwbh")

[sub_resource type="VisualShaderNodeFloatOp" id="VisualShaderNodeFloatOp_dha18"]

[sub_resource type="VisualShaderNodeFloatOp" id="VisualShaderNodeFloatOp_8wkxk"]

[sub_resource type="VisualShaderNodeFloatOp" id="VisualShaderNodeFloatOp_444dl"]

[sub_resource type="VisualShaderNodeCustom" id="VisualShaderNodeCustom_rc5p3"]
default_input_values = [0, Vector2(0, 0), 1, 0, 2, 1]
initialized = true
script = ExtResource("2_hi11s")

[sub_resource type="VisualShaderNodeFloatConstant" id="VisualShaderNodeFloatConstant_r7i0g"]
constant = 1.0

[sub_resource type="VisualShaderNodeCustom" id="VisualShaderNodeCustom_76w0k"]
default_input_values = [0, 45.0]
initialized = true
script = ExtResource("3_xbwbh")

[sub_resource type="VisualShaderNodeFloatOp" id="VisualShaderNodeFloatOp_p0stx"]

[resource]
code = "shader_type canvas_item;
render_mode blend_mix;

uniform float timeOffset;


// PerlinNoise4D
#include \"res://addons/shaderV/rgba/noise/perlin4d.gdshaderinc\"
// WorleyNoise2D
#include \"res://addons/shaderV/rgba/noise/worley2d.gdshaderinc\"
// PointOnCircle

		vec2 FromFacingAngle (float facingAngle) {
			return normalize(vec2(cos(radians(facingAngle)), sin(radians(facingAngle))));
		}
		
		vec2 PointOnCircle (vec2 center, float degrees, float radius) {
			return center + FromFacingAngle(degrees) * radius;
		}
	
// SineWave

		float sine_wave(float IN, float __amplitude, float __frequency, float __phase, float __height) {
			return __amplitude * sin(2.0 * PI * __frequency * IN + __phase) + __height;
		}
	
// FractalGenericNoise2D
#include \"res://addons/shaderV/rgba/noise/fractal/generic2d_fractal.gdshaderinc\"
// SimplexNoise2D
#include \"res://addons/shaderV/rgba/noise/simplex2d.gdshaderinc\"
// Hue
#include \"res://addons/shaderV/rgba/hue.gdshaderinc\"
// BlendDarken

		vec3 blend_darken(vec3 c1, vec3 c2, float opacity) {
			return opacity*min(c1, c2) + (1.0-opacity)*c2;
		}
	
// BlendBurn

		float blend_burn_f(float c1, float c2) {
			return (c1==0.0)?c1:max((1.0-((1.0-c2)/c1)),0.0);
		}

		vec3 blend_burn(vec3 c1, vec3 c2, float opacity) {
			return opacity*vec3(blend_burn_f(c1.x, c2.x), blend_burn_f(c1.y, c2.y), blend_burn_f(c1.z, c2.z)) + (1.0-opacity)*c2;
		}
	

void fragment() {
	float n_out42p0;
// ScaledTIME:42
	float n_in42p0 = 2.00000;
	{
		n_out42p0 = n_in42p0 * TIME;
	}


// FloatParameter:10
	float n_out10p0 = timeOffset;


// FloatOp:48
	float n_out48p0 = n_out42p0 + n_out10p0;


	float n_out41p0;
// PerlinNoise4D:41
	vec3 n_in41p1 = vec3(0.00000, 0.00000, 0.00000);
	float n_in41p2 = 5.00000;
	float n_in41p3 = 1.00000;
	{
		n_out41p0 = _perlin4dNoiseFunc(vec4((UV.xy + n_in41p1.xy) * n_in41p2, n_in41p3, n_out48p0));
	}


	float n_out37p0;
	float n_out37p1;
// WorleyNoise2D:37
	vec3 n_in37p1 = vec3(1.00000, 0.00000, 0.00000);
	float n_in37p2 = 2.50000;
	float n_in37p3 = 1.00000;
	{
		vec2 n_out37p0n_out37p1 = _cellular2dNoiseFunc((UV.xy+n_in37p1.xy)*n_in37p2, min(max(n_in37p3, 0.0), 1.0));
		n_out37p0 = n_out37p0n_out37p1.x;
		n_out37p1 = n_out37p0n_out37p1.y;
	}


	float n_out8p0;
// ScaledTIME:8
	float n_in8p0 = 45.00000;
	{
		n_out8p0 = n_in8p0 * TIME;
	}


// FloatOp:9
	float n_out9p0 = n_out8p0 + n_out10p0;


// FloatConstant:7
	float n_out7p0 = 1.000000;


	vec2 n_out6p0;
// PointOnCircle:6
	vec2 n_in6p0 = vec2(0.00000, 0.00000);
	{
		n_out6p0 = PointOnCircle (n_in6p0, n_out9p0, n_out7p0);
	}


	float n_out13p0;
// ScaledTIME:13
	float n_in13p0 = 0.05000;
	{
		n_out13p0 = n_in13p0 * TIME;
	}


// FloatOp:47
	float n_out47p0 = n_out13p0 + n_out10p0;


	float n_out12p0;
// SineWave:12
	float n_in12p1 = 1.00000;
	float n_in12p2 = 1.00000;
	float n_in12p3 = 0.00000;
	float n_in12p4 = 2.00000;
	{
		n_out12p0 = sine_wave(n_out47p0, n_in12p1, n_in12p2, n_in12p3, n_in12p4);
	}


	vec2 n_out4p0;
// UVPolarCoord:4
	float n_in4p3 = 0.00000;
	{
		vec2 __dir = vec2(n_out37p1) - n_out6p0;
		float __radius = length(__dir) * 2.0;
		float __angle = atan(__dir.y, __dir.x) * 1.0 / (PI * 2.0);
		n_out4p0 = mod(vec2(__radius * n_out12p0, __angle * n_in4p3), 1.0);
	}


	float n_out15p0;
// FractalGenericNoise2D:15
	int n_in15p1 = 6;
	vec3 n_in15p2 = vec3(2.00000, 2.00000, 0.00000);
	float n_in15p3 = 2.00000;
	float n_in15p4 = 0.00000;
	float n_in15p5 = 0.50000;
	float n_in15p6 = 0.30000;
	vec3 n_in15p7 = vec3(0.50000, 0.50000, 0.00000);
	{
		n_out15p0 = _genericNoise2DFBM(vec3(n_out4p0, 0.0).xy, int(n_in15p1), n_in15p2.xy, n_in15p3, n_in15p4, n_in15p5, n_in15p6, n_in15p7.xy);
	}


	float n_out14p0;
// FractalGenericNoise2D:14
	int n_in14p1 = 6;
	vec3 n_in14p2 = vec3(1.00000, 1.00000, 0.00000);
	float n_in14p3 = 1.50000;
	float n_in14p4 = 0.80000;
	float n_in14p5 = 0.50000;
	float n_in14p6 = 0.30000;
	vec3 n_in14p7 = vec3(0.50000, 0.50000, 0.00000);
	{
		n_out14p0 = _genericNoise2DFBM(vec3(n_out15p0).xy, int(n_in14p1), n_in14p2.xy, n_in14p3, n_in14p4, n_in14p5, n_in14p6, n_in14p7.xy);
	}


	float n_out17p0;
// FractalGenericNoise2D:17
	int n_in17p1 = 6;
	vec3 n_in17p2 = vec3(1.00000, 1.00000, 0.00000);
	float n_in17p3 = 1.50000;
	float n_in17p4 = 0.80000;
	float n_in17p5 = 12.00000;
	float n_in17p6 = 0.10000;
	vec3 n_in17p7 = vec3(0.00000, 0.00000, 0.00000);
	{
		n_out17p0 = _genericNoise2DFBM(UV.xy, int(n_in17p1), n_in17p2.xy, n_in17p3, n_in17p4, n_in17p5, n_in17p6, n_in17p7.xy);
	}


	float n_out27p0;
// SimplexNoise2D:27
	float n_in27p2 = 3.00000;
	{
		n_out27p0 = _simplex2dNoiseFunc((vec3(n_out14p0).xy+vec3(n_out17p0).xy)*n_in27p2);
	}


// FloatConstant:31
	float n_out31p0 = 9.000000;


	vec2 n_out29p0;
// PointOnCircle:29
	vec2 n_in29p0 = vec2(9.00000, 9.00000);
	{
		n_out29p0 = PointOnCircle (n_in29p0, n_out27p0, n_out31p0);
	}


	vec3 n_out32p0;
// Hue:32
	{
		n_out32p0 = _hueFunc(n_out27p0);
	}


	vec3 n_out34p0;
// BlendDarken:34
	{
		n_out34p0.rgb = blend_darken(vec3(n_out29p0, 0.0).rgb, n_out32p0.rgb, n_out32p0.x);
	}


	float n_out46p0;
// ScaledTIME:46
	float n_in46p0 = 1.00000;
	{
		n_out46p0 = n_in46p0 * TIME;
	}


// FloatOp:49
	float n_out49p0 = n_out10p0 + n_out46p0;


	float n_out45p0;
// SineWave:45
	float n_in45p1 = 1.00000;
	float n_in45p2 = 0.50000;
	float n_in45p3 = 0.00000;
	float n_in45p4 = -0.50000;
	{
		n_out45p0 = sine_wave(n_out49p0, n_in45p1, n_in45p2, n_in45p3, n_in45p4);
	}


	vec3 n_out44p0;
// BlendBurn:44
	{
		n_out44p0.rgb = blend_burn(vec3(n_out41p0).rgb, n_out34p0.rgb, n_out45p0);
	}


// Output:0
	COLOR.rgb = n_out44p0;


}
"
graph_offset = Vector2(1972.49, -148.561)
mode = 1
flags/light_only = false
nodes/fragment/0/position = Vector2(5440, 760)
nodes/fragment/4/node = SubResource("VisualShaderNodeUVPolarCoord_vhr4j")
nodes/fragment/4/position = Vector2(2000, 980)
nodes/fragment/6/node = SubResource("VisualShaderNodeCustom_rc5p3")
nodes/fragment/6/position = Vector2(1700, 880)
nodes/fragment/7/node = SubResource("VisualShaderNodeFloatConstant_r7i0g")
nodes/fragment/7/position = Vector2(1440, 1020)
nodes/fragment/8/node = SubResource("VisualShaderNodeCustom_76w0k")
nodes/fragment/8/position = Vector2(880, 900)
nodes/fragment/9/node = SubResource("VisualShaderNodeFloatOp_p0stx")
nodes/fragment/9/position = Vector2(1460, 880)
nodes/fragment/10/node = SubResource("VisualShaderNodeFloatParameter_41nsu")
nodes/fragment/10/position = Vector2(840, 1100)
nodes/fragment/12/node = SubResource("VisualShaderNodeCustom_04kjb")
nodes/fragment/12/position = Vector2(1640, 380)
nodes/fragment/13/node = SubResource("VisualShaderNodeCustom_8swri")
nodes/fragment/13/position = Vector2(820, 380)
nodes/fragment/14/node = SubResource("VisualShaderNodeCustom_gci8i")
nodes/fragment/14/position = Vector2(2860, 360)
nodes/fragment/15/node = SubResource("VisualShaderNodeCustom_hv80f")
nodes/fragment/15/position = Vector2(2240, 860)
nodes/fragment/17/node = SubResource("VisualShaderNodeCustom_7pghg")
nodes/fragment/17/position = Vector2(2860, 1160)
nodes/fragment/27/node = SubResource("VisualShaderNodeCustom_yumay")
nodes/fragment/27/position = Vector2(3400, 840)
nodes/fragment/29/node = SubResource("VisualShaderNodeCustom_dp1xr")
nodes/fragment/29/position = Vector2(3700, 640)
nodes/fragment/31/node = SubResource("VisualShaderNodeFloatConstant_em82t")
nodes/fragment/31/position = Vector2(3420, 720)
nodes/fragment/32/node = SubResource("VisualShaderNodeCustom_yf4v2")
nodes/fragment/32/position = Vector2(3720, 1020)
nodes/fragment/34/node = SubResource("VisualShaderNodeCustom_reybd")
nodes/fragment/34/position = Vector2(4220, 860)
nodes/fragment/37/node = SubResource("VisualShaderNodeCustom_qa5al")
nodes/fragment/37/position = Vector2(1780, 1140)
nodes/fragment/41/node = SubResource("VisualShaderNodeCustom_2sbfr")
nodes/fragment/41/position = Vector2(4240, 480)
nodes/fragment/42/node = SubResource("VisualShaderNodeCustom_mdtu1")
nodes/fragment/42/position = Vector2(3260, 520)
nodes/fragment/44/node = SubResource("VisualShaderNodeCustom_yeffc")
nodes/fragment/44/position = Vector2(4960, 560)
nodes/fragment/45/node = SubResource("VisualShaderNodeCustom_fn3g8")
nodes/fragment/45/position = Vector2(4640, 880)
nodes/fragment/46/node = SubResource("VisualShaderNodeCustom_3vfnt")
nodes/fragment/46/position = Vector2(4020, 1320)
nodes/fragment/47/node = SubResource("VisualShaderNodeFloatOp_dha18")
nodes/fragment/47/position = Vector2(1320, 460)
nodes/fragment/48/node = SubResource("VisualShaderNodeFloatOp_8wkxk")
nodes/fragment/48/position = Vector2(3760, 500)
nodes/fragment/49/node = SubResource("VisualShaderNodeFloatOp_444dl")
nodes/fragment/49/position = Vector2(4380, 1220)
nodes/fragment/connections = PackedInt32Array(7, 0, 6, 2, 8, 0, 9, 0, 10, 0, 9, 1, 9, 0, 6, 1, 27, 0, 32, 0, 6, 0, 4, 1, 12, 0, 4, 2, 37, 1, 4, 0, 4, 0, 15, 0, 32, 0, 34, 1, 32, 0, 34, 2, 15, 0, 14, 0, 45, 0, 44, 2, 44, 0, 0, 0, 31, 0, 29, 2, 29, 0, 34, 0, 27, 0, 29, 1, 17, 0, 27, 1, 41, 0, 44, 0, 34, 0, 44, 1, 14, 0, 27, 0, 13, 0, 47, 0, 10, 0, 47, 1, 47, 0, 12, 0, 42, 0, 48, 0, 48, 0, 41, 4, 10, 0, 48, 1, 46, 0, 49, 1, 49, 0, 45, 0, 10, 0, 49, 0)
