[gd_resource type="VisualShader" load_steps=22 format=3 uid="uid://chofgvkbdvu2v"]

[ext_resource type="Script" path="res://Scripts/Concepts (Scripts)/Visual Shader Nodes/Spherize.gd" id="1_i238n"]
[ext_resource type="Script" path="res://addons/shaderV/rgba/generate_shapes/generateSpiral.gd" id="2_sqooc"]
[ext_resource type="Script" path="res://Scripts/Concepts (Scripts)/Visual Shader Nodes/RotateAboutAxis.gd" id="4_22rn7"]
[ext_resource type="Script" path="res://addons/VisualShaderExtras/BlendModes/dodge_blend.gd" id="4_o7sd4"]
[ext_resource type="Script" path="res://addons/shaderV/rgba/noise/fractal/worley3d_fractal.gd" id="5_8khk7"]
[ext_resource type="Script" path="res://addons/shaderV/tools/TimeScaled.gd" id="6_yx7j8"]

[sub_resource type="VisualShaderNodeCustom" id="VisualShaderNodeCustom_w2inh"]
output_port_for_preview = 1
default_input_values = [1, Vector3(0.5, 0.5, 0), 2, 10.0, 3, 0.0, 4, 1.0, 5, 1.0, 6, 0.0, 7, Vector3(1, 1, 1), 8, 0.75]
initialized = true
script = ExtResource("2_sqooc")

[sub_resource type="VisualShaderNodeCustom" id="VisualShaderNodeCustom_p0t3r"]
output_port_for_preview = 1
default_input_values = [1, Vector3(0.5, 0.5, 0), 2, -10.0, 3, 0.0, 4, 1.0, 5, 1.0, 6, 0.0, 7, Vector3(1, 1, 1), 8, 1.0]
initialized = true
script = ExtResource("2_sqooc")

[sub_resource type="VisualShaderNodeCustom" id="VisualShaderNodeCustom_7ih63"]
default_input_values = [0, 1.0]
initialized = true
script = ExtResource("6_yx7j8")

[sub_resource type="VisualShaderNodeFloatOp" id="VisualShaderNodeFloatOp_k03v1"]
default_input_values = [0, 0.0, 1, 550.0]
operator = 2

[sub_resource type="VisualShaderNodeCustom" id="VisualShaderNodeCustom_rdyru"]
output_port_for_preview = 0
default_input_values = [0, Vector3(0, 0, 0), 1, Vector3(1, 0, 1), 2, 0]
initialized = true
script = ExtResource("4_22rn7")

[sub_resource type="VisualShaderNodeClamp" id="VisualShaderNodeClamp_4otgu"]
default_input_values = [0, Vector3(0, 0, 0), 1, Vector3(0, 0, 0), 2, Vector3(1, 1, 1)]
op_type = 4

[sub_resource type="VisualShaderNodeFloatParameter" id="VisualShaderNodeFloatParameter_ifh6m"]
parameter_name = "maxBrightness"
default_value_enabled = true
default_value = 1.0

[sub_resource type="VisualShaderNodeFloatParameter" id="VisualShaderNodeFloatParameter_xkkp6"]
parameter_name = "timeOffset"

[sub_resource type="VisualShaderNodeCustom" id="VisualShaderNodeCustom_fb5do"]
output_port_for_preview = 0
default_input_values = [2, 0.5]
initialized = true
script = ExtResource("4_o7sd4")

[sub_resource type="VisualShaderNodeFloatOp" id="VisualShaderNodeFloatOp_wqnt2"]

[sub_resource type="VisualShaderNodeFloatOp" id="VisualShaderNodeFloatOp_lycpa"]

[sub_resource type="VisualShaderNodeCustom" id="VisualShaderNodeCustom_71sxk"]
output_port_for_preview = 0
default_input_values = [1, 6, 2, Vector3(2, 2, 0), 3, 2.0, 4, 0.8, 5, 0.0, 6, 0.3, 7, Vector3(0, 0, 0), 8, 1.0, 9, true, 10, 0.0]
initialized = true
script = ExtResource("5_8khk7")

[sub_resource type="VisualShaderNodeCustom" id="VisualShaderNodeCustom_5bg6j"]
default_input_values = [0, 0.5]
initialized = true
script = ExtResource("6_yx7j8")

[sub_resource type="VisualShaderNodeCustom" id="VisualShaderNodeCustom_gmfqa"]
output_port_for_preview = 0
default_input_values = [1, 6, 2, Vector3(2, 2, 0), 3, 2.0, 4, 0.8, 5, 0.0, 6, 0.3, 7, Vector3(0, 0, 0), 8, 1.0, 9, false, 10, 0.0]
initialized = true
script = ExtResource("5_8khk7")

[sub_resource type="VisualShaderNodeCustom" id="VisualShaderNodeCustom_3c3il"]
output_port_for_preview = 0
default_input_values = [0, Vector2(0, 0), 1, Vector2(0.5, 0.5), 2, Vector2(10, 0), 3, Vector2(0, 0)]
initialized = true
script = ExtResource("1_i238n")

[resource]
code = "shader_type canvas_item;
render_mode blend_mix;

uniform float timeOffset;
uniform float maxBrightness = 1;


// SpiralShape
#include \"res://addons/shaderV/rgba/generate_shapes/generateSpiral.gdshaderinc\"
// FractalWorleyNoise3D
#include \"res://addons/shaderV/rgba/noise/fractal/worley3d_fractal.gdshaderinc\"
// Spherize

		vec2 Spherize (vec2 uv, vec2 center, vec2 strength, vec2 offset) {
			vec2 delta = uv - center;
			float delta2 = dot(delta, delta);
			float delta4 = delta2 * delta2;
			vec2 delta_offset = strength * delta4;
			return uv + delta * delta_offset + offset;
		}
	
// BlendDodge

		float blend_dodge_f(float c1, float c2) {
			return (c1==1.0)?c1:min(c2/(1.0-c1),1.0);
		}

		vec3 blend_dodge(vec3 c1, vec3 c2, float opacity) {
			return opacity*vec3(blend_dodge_f(c1.x, c2.x), blend_dodge_f(c1.y, c2.y), blend_dodge_f(c1.z, c2.z)) + (1.0-opacity)*c2;
		}
	
// RotateAboutAxis

		vec3 RotateAboutAxis (vec3 In, vec3 Axis, float Rotation) {
			Rotation = radians(Rotation);
			float s = sin(Rotation);
			float c = cos(Rotation);
			float one_minus_c = 1.0 - c;
			Axis = normalize(Axis);
			mat3 rotationMatrix = mat3(
				vec3(one_minus_c * Axis.x * Axis.x + c, one_minus_c * Axis.x * Axis.y - Axis.z * s, one_minus_c * Axis.z * Axis.x + Axis.y * s),
				vec3(one_minus_c * Axis.x * Axis.y + Axis.z * s, one_minus_c * Axis.y * Axis.y + c, one_minus_c * Axis.y * Axis.z - Axis.x * s),
				vec3(one_minus_c * Axis.z * Axis.x - Axis.y * s, one_minus_c * Axis.y * Axis.z + Axis.x * s, one_minus_c * Axis.z * Axis.z + c)
			);
			rotationMatrix = transpose(rotationMatrix);
			return rotationMatrix * In;
		}
	

void fragment() {
// FloatParameter:19
	float n_out19p0 = timeOffset;


	float n_out14p0;
// ScaledTIME:14
	float n_in14p0 = 1.00000;
	{
		n_out14p0 = n_in14p0 * TIME;
	}


// FloatOp:20
	float n_out20p0 = n_out19p0 + n_out14p0;


	vec3 n_out11p0;
	float n_out11p1;
// SpiralShape:11
	vec3 n_in11p1 = vec3(0.50000, 0.50000, 0.00000);
	float n_in11p2 = 10.00000;
	float n_in11p3 = 0.00000;
	float n_in11p4 = 1.00000;
	float n_in11p5 = 1.00000;
	vec3 n_in11p7 = vec3(1.00000, 1.00000, 1.00000);
	float n_in11p8 = 0.75000;
	{
		vec4 n_out11p0n_out11p1 = _generateSpiralFunc(UV.xy, n_in11p1.xy, n_in11p2, n_in11p3, n_in11p5, n_in11p4, n_out20p0, vec4(n_in11p7, n_in11p8));
		n_out11p0 = n_out11p0n_out11p1.rgb;
		n_out11p1 = n_out11p0n_out11p1.a;
	}


	float n_out4p0;
// ScaledTIME:4
	float n_in4p0 = 0.50000;
	{
		n_out4p0 = n_in4p0 * TIME;
	}


// FloatOp:21
	float n_out21p0 = n_out4p0 + n_out19p0;


	float n_out5p0;
// FractalWorleyNoise3D:5
	int n_in5p1 = 6;
	vec3 n_in5p2 = vec3(2.00000, 2.00000, 0.00000);
	float n_in5p3 = 2.00000;
	float n_in5p4 = 0.80000;
	float n_in5p5 = 0.00000;
	float n_in5p6 = 0.30000;
	vec3 n_in5p7 = vec3(0.00000, 0.00000, 0.00000);
	float n_in5p8 = 1.00000;
	bool n_in5p9 = false;
	{
		n_out5p0 = _cellularNoise3DFBM(UV.xy, int(n_in5p1), n_in5p2.xy, n_in5p3, n_in5p4, n_in5p5, n_in5p6, n_in5p7.xy, n_in5p8, n_in5p9, n_out21p0);
	}


	float n_out3p0;
// FractalWorleyNoise3D:3
	int n_in3p1 = 6;
	vec3 n_in3p2 = vec3(2.00000, 2.00000, 0.00000);
	float n_in3p3 = 2.00000;
	float n_in3p4 = 0.80000;
	float n_in3p5 = 0.00000;
	float n_in3p6 = 0.30000;
	vec3 n_in3p7 = vec3(0.00000, 0.00000, 0.00000);
	float n_in3p8 = 1.00000;
	bool n_in3p9 = true;
	{
		n_out3p0 = _cellularNoise3DFBM(UV.xy, int(n_in3p1), n_in3p2.xy, n_in3p3, n_in3p4, n_in3p5, n_in3p6, n_in3p7.xy, n_in3p8, n_in3p9, n_out21p0);
	}


	vec2 n_out6p0;
// Spherize:6
	vec2 n_in6p0 = vec2(0.00000, 0.00000);
	vec2 n_in6p1 = vec2(0.50000, 0.50000);
	vec2 n_in6p2 = vec2(10.00000, 0.00000);
	vec2 n_in6p3 = vec2(0.00000, 0.00000);
	{
		n_out6p0 = Spherize(n_in6p0, n_in6p1, n_in6p2, n_in6p3);
	}


	vec3 n_out2p0;
// BlendDodge:2
	{
		n_out2p0.rgb = blend_dodge(vec3(n_out5p0).rgb, vec3(n_out3p0).rgb, n_out6p0.x);
	}


	vec3 n_out13p0;
	float n_out13p1;
// SpiralShape:13
	float n_in13p3 = 0.00000;
	float n_in13p4 = 1.00000;
	float n_in13p5 = 1.00000;
	float n_in13p6 = 0.00000;
	vec3 n_in13p7 = vec3(1.00000, 1.00000, 1.00000);
	float n_in13p8 = 1.00000;
	{
		vec4 n_out13p0n_out13p1 = _generateSpiralFunc(UV.xy, vec3(n_out11p1).xy, n_out2p0.x, n_in13p3, n_in13p5, n_in13p4, n_in13p6, vec4(n_in13p7, n_in13p8));
		n_out13p0 = n_out13p0n_out13p1.rgb;
		n_out13p1 = n_out13p0n_out13p1.a;
	}


// FloatOp:15
	float n_in15p1 = 550.00000;
	float n_out15p0 = n_out13p1 * n_in15p1;


	vec3 n_out16p0;
// RotateAboutAxis:16
	vec3 n_in16p1 = vec3(1.00000, 0.00000, 1.00000);
	{
		n_out16p0 = RotateAboutAxis (vec3(n_out13p1), n_in16p1, n_out15p0);
	}


// FloatParameter:18
	float n_out18p0 = maxBrightness;


// Clamp:17
	vec3 n_in17p1 = vec3(0.00000, 0.00000, 0.00000);
	vec3 n_out17p0 = clamp(n_out16p0, n_in17p1, vec3(n_out18p0));


// Output:0
	COLOR.rgb = n_out17p0;


}
"
mode = 1
flags/light_only = false
nodes/fragment/0/position = Vector2(4020, -1140)
nodes/fragment/2/node = SubResource("VisualShaderNodeCustom_fb5do")
nodes/fragment/2/position = Vector2(1820, -1720)
nodes/fragment/3/node = SubResource("VisualShaderNodeCustom_71sxk")
nodes/fragment/3/position = Vector2(1400, -1780)
nodes/fragment/4/node = SubResource("VisualShaderNodeCustom_5bg6j")
nodes/fragment/4/position = Vector2(720, -1840)
nodes/fragment/5/node = SubResource("VisualShaderNodeCustom_gmfqa")
nodes/fragment/5/position = Vector2(1400, -2340)
nodes/fragment/6/node = SubResource("VisualShaderNodeCustom_3c3il")
nodes/fragment/6/position = Vector2(1600, -1600)
nodes/fragment/11/node = SubResource("VisualShaderNodeCustom_w2inh")
nodes/fragment/11/position = Vector2(2120, -1340)
nodes/fragment/13/node = SubResource("VisualShaderNodeCustom_p0t3r")
nodes/fragment/13/position = Vector2(2440, -1420)
nodes/fragment/14/node = SubResource("VisualShaderNodeCustom_7ih63")
nodes/fragment/14/position = Vector2(1420, -840)
nodes/fragment/15/node = SubResource("VisualShaderNodeFloatOp_k03v1")
nodes/fragment/15/position = Vector2(2900, -1120)
nodes/fragment/16/node = SubResource("VisualShaderNodeCustom_rdyru")
nodes/fragment/16/position = Vector2(3300, -1140)
nodes/fragment/17/node = SubResource("VisualShaderNodeClamp_4otgu")
nodes/fragment/17/position = Vector2(3640, -1140)
nodes/fragment/18/node = SubResource("VisualShaderNodeFloatParameter_ifh6m")
nodes/fragment/18/position = Vector2(3060, -1360)
nodes/fragment/19/node = SubResource("VisualShaderNodeFloatParameter_xkkp6")
nodes/fragment/19/position = Vector2(280, -1240)
nodes/fragment/20/node = SubResource("VisualShaderNodeFloatOp_wqnt2")
nodes/fragment/20/position = Vector2(1820, -1080)
nodes/fragment/21/node = SubResource("VisualShaderNodeFloatOp_lycpa")
nodes/fragment/21/position = Vector2(1069.1, -1759.87)
nodes/fragment/connections = PackedInt32Array(3, 0, 2, 1, 5, 0, 2, 0, 2, 0, 13, 2, 13, 1, 15, 0, 15, 0, 16, 2, 13, 1, 16, 0, 11, 1, 13, 1, 16, 0, 17, 0, 17, 0, 0, 0, 18, 0, 17, 2, 19, 0, 20, 0, 14, 0, 20, 1, 20, 0, 11, 6, 4, 0, 21, 0, 19, 0, 21, 1, 21, 0, 3, 10, 21, 0, 5, 10, 6, 0, 2, 2)
