[gd_resource type="VisualShader" load_steps=20 format=3 uid="uid://c2r22ohau2hx2"]

[ext_resource type="Script" path="res://addons/shaderV/tools/TimeScaled.gd" id="1_mwtho"]
[ext_resource type="Script" path="res://addons/shaderV/rgba/noise/fractal/generic2d_fractal.gd" id="3_p0dug"]
[ext_resource type="Script" path="res://Scripts/Concepts (Scripts)/Visual Shader Nodes/RadialShear.gd" id="5_nvamg"]
[ext_resource type="Script" path="res://addons/shaderV/uv/scaleUV.gd" id="5_uc824"]
[ext_resource type="Script" path="res://addons/shaderV/rgba/noise/worley3d.gd" id="7_n0xhx"]

[sub_resource type="VisualShaderNodeCustom" id="VisualShaderNodeCustom_67eee"]
default_input_values = [0, 0.5]
initialized = true
script = ExtResource("1_mwtho")

[sub_resource type="VisualShaderNodeCustom" id="VisualShaderNodeCustom_ahrut"]
output_port_for_preview = 0
default_input_values = [1, 2, 2, Vector3(0, 5, 0), 3, 2.0, 4, 1.0, 5, 0.0, 6, 0.7, 7, Vector3(0.5, 0.5, 0)]
initialized = true
script = ExtResource("3_p0dug")

[sub_resource type="VisualShaderNodeCustom" id="VisualShaderNodeCustom_rhwpm"]
output_port_for_preview = 1
default_input_values = [1, Vector3(0, 0, 0), 2, 0.5, 3, 1.0, 4, 0.0]
initialized = true
script = ExtResource("7_n0xhx")

[sub_resource type="VisualShaderNodeVectorCompose" id="VisualShaderNodeVectorCompose_3fny3"]
default_input_values = [0, 0.0, 1, 0.0, 2, 0.0, 3, 0.0]

[sub_resource type="VisualShaderNodeCustom" id="VisualShaderNodeCustom_8e7ou"]
default_input_values = [0, 0.5]
initialized = true
script = ExtResource("1_mwtho")

[sub_resource type="VisualShaderNodeCustom" id="VisualShaderNodeCustom_4yiv4"]
output_port_for_preview = 1
default_input_values = [1, Vector3(0, 0, 0), 2, 0.2, 3, 1.0, 4, 0.0]
initialized = true
script = ExtResource("7_n0xhx")

[sub_resource type="VisualShaderNodeCustom" id="VisualShaderNodeCustom_bdu41"]
output_port_for_preview = 0
default_input_values = [1, 2, 2, Vector3(1, 1, 0), 3, 2.0, 4, 1.0, 5, 0.0, 6, 0.7, 7, Vector3(0.5, 0.5, 0)]
initialized = true
script = ExtResource("3_p0dug")

[sub_resource type="VisualShaderNodeFloatOp" id="VisualShaderNodeFloatOp_7gf8l"]
default_input_values = [0, 0.0, 1, 9.0]

[sub_resource type="VisualShaderNodeInput" id="VisualShaderNodeInput_x0v7i"]
input_name = "uv"

[sub_resource type="VisualShaderNodeCustom" id="VisualShaderNodeCustom_16iri"]
output_port_for_preview = 0
default_input_values = [0, Vector2(0, 0), 1, Vector2(0.5, 0.5), 2, Vector2(0, 0), 3, Vector2(0, 0)]
initialized = true
script = ExtResource("5_nvamg")

[sub_resource type="VisualShaderNodeCustom" id="VisualShaderNodeCustom_inger"]
default_input_values = [1, Vector3(0.1, 0.1, 0.1), 2, Vector3(0, 0, 0)]
initialized = true
script = ExtResource("5_uc824")

[sub_resource type="VisualShaderNodeColorParameter" id="VisualShaderNodeColorParameter_sqo2l"]
parameter_name = "tint"
default_value_enabled = true

[sub_resource type="VisualShaderNodeVectorOp" id="VisualShaderNodeVectorOp_chmm0"]
default_input_values = [0, Quaternion(0, 0, 0, 0), 1, Quaternion(0, 0, 0, 0)]
op_type = 2
operator = 2

[sub_resource type="VisualShaderNodeVectorDecompose" id="VisualShaderNodeVectorDecompose_4befy"]
default_input_values = [0, Quaternion(0, 0, 0, 0)]
op_type = 2

[resource]
code = "shader_type spatial;
render_mode blend_mix, depth_draw_opaque, cull_back, diffuse_lambert, specular_schlick_ggx;

uniform vec4 tint : source_color = vec4(1.000000, 1.000000, 1.000000, 1.000000);


// ScaleUV
#include \"res://addons/shaderV/uv/scaleUV.gdshaderinc\"
// WorleyNoise3D
#include \"res://addons/shaderV/rgba/noise/worley3d.gdshaderinc\"
// FractalGenericNoise2D
#include \"res://addons/shaderV/rgba/noise/fractal/generic2d_fractal.gdshaderinc\"
// RadialShear

		vec2 RadialShear (vec2 uv, vec2 Center, vec2 Strength, vec2 offset) {
			vec2 delta = uv - Center;
			float delta2 = dot(delta, delta);
			vec2 delta_offset = delta2 * Strength;
			return uv + vec2(delta.y, -delta.x) * delta_offset + offset;
		}
	

void fragment() {
	vec3 n_out35p0;
// ScaleUV:35
	vec3 n_in35p1 = vec3(0.10000, 0.10000, 0.10000);
	vec3 n_in35p2 = vec3(0.00000, 0.00000, 0.00000);
	{
		n_out35p0.xy = _scaleUV(UV.xy, n_in35p1.xy, n_in35p2.xy);
	}


	float n_out25p0;
// ScaledTIME:25
	float n_in25p0 = 0.50000;
	{
		n_out25p0 = n_in25p0 * TIME;
	}


// FloatOp:30
	float n_in30p1 = 9.00000;
	float n_out30p0 = n_out25p0 + n_in30p1;


	float n_out26p0;
	float n_out26p1;
// WorleyNoise3D:26
	vec3 n_in26p1 = vec3(0.00000, 0.00000, 0.00000);
	float n_in26p2 = 0.20000;
	float n_in26p3 = 1.00000;
	{
		vec2 n_out26p0n_out26p1 = _cellular3dNoiseFunc(vec3((n_out35p0.xy+n_in26p1.xy)*n_in26p2, n_out30p0), min(max(n_in26p3, 0.0), 1.0));
		n_out26p0 = n_out26p0n_out26p1.x;
		n_out26p1 = n_out26p0n_out26p1.y;
	}


	float n_out28p0;
// FractalGenericNoise2D:28
	int n_in28p1 = 2;
	vec3 n_in28p2 = vec3(1.00000, 1.00000, 0.00000);
	float n_in28p3 = 2.00000;
	float n_in28p4 = 1.00000;
	float n_in28p5 = 0.00000;
	float n_in28p6 = 0.70000;
	vec3 n_in28p7 = vec3(0.50000, 0.50000, 0.00000);
	{
		n_out28p0 = _genericNoise2DFBM(vec3(n_out26p1).xy, int(n_in28p1), n_in28p2.xy, n_in28p3, n_in28p4, n_in28p5, n_in28p6, n_in28p7.xy);
	}


	vec2 n_out33p0;
// RadialShear:33
	vec2 n_in33p1 = vec2(0.50000, 0.50000);
	vec2 n_in33p2 = vec2(0.00000, 0.00000);
	vec2 n_in33p3 = vec2(0.00000, 0.00000);
	{
		n_out33p0 = RadialShear (vec2(n_out35p0.xy), n_in33p1, n_in33p2, n_in33p3);
	}


	float n_out12p0;
// ScaledTIME:12
	float n_in12p0 = 0.50000;
	{
		n_out12p0 = n_in12p0 * TIME;
	}


	float n_out21p0;
	float n_out21p1;
// WorleyNoise3D:21
	vec3 n_in21p1 = vec3(0.00000, 0.00000, 0.00000);
	float n_in21p2 = 0.50000;
	float n_in21p3 = 1.00000;
	{
		vec2 n_out21p0n_out21p1 = _cellular3dNoiseFunc(vec3((vec3(n_out33p0, 0.0).xy+n_in21p1.xy)*n_in21p2, n_out12p0), min(max(n_in21p3, 0.0), 1.0));
		n_out21p0 = n_out21p0n_out21p1.x;
		n_out21p1 = n_out21p0n_out21p1.y;
	}


	float n_out17p0;
// FractalGenericNoise2D:17
	int n_in17p1 = 2;
	vec3 n_in17p2 = vec3(0.00000, 5.00000, 0.00000);
	float n_in17p3 = 2.00000;
	float n_in17p4 = 1.00000;
	float n_in17p5 = 0.00000;
	float n_in17p6 = 0.70000;
	vec3 n_in17p7 = vec3(0.50000, 0.50000, 0.00000);
	{
		n_out17p0 = _genericNoise2DFBM(vec3(n_out21p1).xy, int(n_in17p1), n_in17p2.xy, n_in17p3, n_in17p4, n_in17p5, n_in17p6, n_in17p7.xy);
	}


// VectorCompose:24
	float n_in24p0 = 0.00000;
	vec3 n_out24p0 = vec3(n_in24p0, n_out28p0, n_out17p0);


// ColorParameter:36
	vec4 n_out36p0 = tint;


// VectorOp:37
	vec4 n_out37p0 = vec4(n_out24p0, 0.0) * n_out36p0;


// VectorDecompose:38
	float n_out38p0 = n_out36p0.x;
	float n_out38p1 = n_out36p0.y;
	float n_out38p2 = n_out36p0.z;
	float n_out38p3 = n_out36p0.w;


// Output:0
	ALBEDO = vec3(n_out37p0.xyz);
	ALPHA = n_out38p3;


}
"
nodes/fragment/0/position = Vector2(1040, -1640)
nodes/fragment/12/node = SubResource("VisualShaderNodeCustom_67eee")
nodes/fragment/12/position = Vector2(-1400, -1780)
nodes/fragment/17/node = SubResource("VisualShaderNodeCustom_ahrut")
nodes/fragment/17/position = Vector2(-460, -1160)
nodes/fragment/21/node = SubResource("VisualShaderNodeCustom_rhwpm")
nodes/fragment/21/position = Vector2(-740, -1180)
nodes/fragment/24/node = SubResource("VisualShaderNodeVectorCompose_3fny3")
nodes/fragment/24/position = Vector2(-180, -1760)
nodes/fragment/25/node = SubResource("VisualShaderNodeCustom_8e7ou")
nodes/fragment/25/position = Vector2(-1400, -1620)
nodes/fragment/26/node = SubResource("VisualShaderNodeCustom_4yiv4")
nodes/fragment/26/position = Vector2(-740, -1720)
nodes/fragment/28/node = SubResource("VisualShaderNodeCustom_bdu41")
nodes/fragment/28/position = Vector2(-460, -1700)
nodes/fragment/30/node = SubResource("VisualShaderNodeFloatOp_7gf8l")
nodes/fragment/30/position = Vector2(-1000, -1640)
nodes/fragment/32/node = SubResource("VisualShaderNodeInput_x0v7i")
nodes/fragment/32/position = Vector2(-1400, -1200)
nodes/fragment/33/node = SubResource("VisualShaderNodeCustom_16iri")
nodes/fragment/33/position = Vector2(-1000, -1180)
nodes/fragment/35/node = SubResource("VisualShaderNodeCustom_inger")
nodes/fragment/35/position = Vector2(-1760, -1520)
nodes/fragment/36/node = SubResource("VisualShaderNodeColorParameter_sqo2l")
nodes/fragment/36/position = Vector2(-1869.82, -1204.98)
nodes/fragment/37/node = SubResource("VisualShaderNodeVectorOp_chmm0")
nodes/fragment/37/position = Vector2(151.859, -1594.5)
nodes/fragment/38/node = SubResource("VisualShaderNodeVectorDecompose_4befy")
nodes/fragment/38/position = Vector2(560, -1440)
nodes/fragment/connections = PackedInt32Array(12, 0, 21, 4, 25, 0, 30, 0, 30, 0, 26, 4, 17, 0, 24, 2, 28, 0, 24, 1, 21, 1, 17, 0, 26, 1, 28, 0, 33, 0, 21, 0, 35, 0, 26, 0, 35, 0, 33, 0, 24, 0, 37, 0, 37, 0, 0, 0, 36, 0, 37, 1, 38, 3, 0, 1, 36, 0, 38, 0)
